2566 4344
223 319 289 386 194
371 321 521 382 lusrrrun.
553 317 599 378 Du
611 334 808 378 rnrsnutuns
823 317 878 386 lv,
895 321 943 374 ts.
964 313 995 396 5.
1009 321 1039 374 tt.

225 489 324 528 eor-usn
348 469 487 547 possessio
513 469 567 539 sit,
596 485 652 524 uon
678 476 770 541 potest
796 462 956 541 petitorias)
979 465 1053 520 actio
1073 463 1195 532 institui,

224 544 291 619 qrtia
320 553 349 600 et
374 543 459 598 civilis
486 552 514 597 et
541 540 675 597 naturalis
695 540 766 596 ratio
785 539 869 607 lacit,
895 549 924 594 ut
943 537 1011 593 alius
1035 537 1190 614 possideat,

227 617 296 674 alius
323 635 340 672 a
364 615 525 692 possidente
549 624 637 690 petat.
676 623 705 670 et
731 613 797 689 quia
822 612 907 686 louge
934 611 1109 668 commodius
1136 618 1190 682 est,

226 690 370 766 possidere
394 689 503 765 potius,
529 705 614 774 quam
641 697 760 762 petere,
787 684 852 742 ideo
880 685 1045 772 plerumque
1072 694 1102 741 et
1127 683 1192 740 lere

225 782 337 838 semper
356 764 455 837 ingens
473 761 565 818 existat
584 761 726 818 contentio
747 760 783 816 de
804 759 867 835 ipss
887 776 1074 834 possessione.
1111 776 1189 814 coro·

227 839 340 894 modum
358 846 452 892 autem
471 834 632 911 possidendi
651 834 680 891 io
699 851 734 890 eo
754 841 810 905 est,
830 832 923 909 quod,
943 832 1053 888 etiamsi
1068 832 1128 888 eius
1143 849 1194 886 res

226 929 283 968 nou
309 910 358 980 sit,
387 909 434 985 qui
460 908 600 985 possidet,
628 908 651 964 si
676 907 761 964 modo
787 916 866 962 ector
889 923 948 962 non
968 905 1093 982 potuerit
1109 922 1190 960 suam

226 1002 286 1041 esse
313 982 449 1059 probare,
476 993 601 1041 remanet
623 1000 675 1038 suo
700 981 762 1038 loco
783 979 940 1055 possessi03
967 989 1191 1055 propterquam

226 1075 354 1129 causam,
373 1076 435 1113 cum
456 1057 574 1114 obscura
592 1057 647 1112 sint
663 1056 805 1131 utriusque
824 1054 900 1126 iura,
921 1064 1018 1110 contra
1040 1052 1192 1128 petitorem

225 1131 341 1188 iudicari
369 1131 439 1187 solet
449 1127 486 1206 5’).
525 1129 584 1187 Sed
610 1129 756 1185 interdicto
781 1127 894 1203 quidem
920 1127 959 1184 uti
982 1125 1132 1201 possidetis
1155 1125 1191 1181 de

227 1205 307 1262 fundi
329 1204 373 1260 rel
395 1204 507 1261 aedium
528 1203 702 1280 possessione
722 1201 920 1272 contenditur,
946 1201 1039 1257 utrubi
1060 1218 1128 1256 vero
1148 1199 1192 1255 in-

229 1279 346 1336 terdicto
372 1278 407 1334 de
436 1295 528 1334 rerum
556 1277 698 1333 mobilium
746 1275 909 1332 ossessione.
947 1292 1067 1349 quorum
1096 1274 1138 1330 vis
1164 1281 1191 1329 et

228 1363 352 1427 potestas
373 1352 519 1426 plurimam
536 1351 609 1407 inter
628 1367 658 1406 se
676 1294 862 1406 difldrenriam
882 1347 958 1422 apud
974 1357 1086 1404 veteres
1102 1347 1191 1403 hebe-

230 1429 293 1484 bat:
319 1443 383 1482 nam
409 1426 449 1481 uti
471 1424 619 1498 possidetis
647 1423 793 1480 interdicto
819 1423 843 1478 is
863 1422 1007 1493 vincebat,

229 1499 294 1554 dicti
313 1509 440 1572 tempore
460 1497 640 1571 possidebat,
664 1497 792 1553 simodo
813 1515 865 1552 nec
884 1496 925 1568 vi,
950 1512 1003 1551 aec
1024 1439 1117 1566 edam,
1142 1510 1193 1549 ner

229 1571 357 1647 precario
366 1570 393 1644 ⁶)
413 1579 510 1625 nactus
523 1569 615 1627 fuerat
628 1570 665 1626 ab
679 1570 838 1627 adversario
852 1567 1068 1644 possessionem,
1083 1567 1193 1624 etiamsi

227 1645 310 1703 alium
332 1643 357 1698 vi
377 1643 540 1717 expulerat,
561 1643 699 1701 antelam
720 1638 915 1718 abripuerets)
938 1642 1059 1698 alienam
1080 1658 1192 1716 posses-

226 1718 351 1788 sionem,
375 1727 424 1774 aut
443 1717 569 1804 precario
589 1727 737 1793 rogaverat
757 1718 896 1792 aliquem,
924 1723 954 1771 ut
973 1715 1025 1772 sibi
1045 1715 1194 1790 possidere

227 1791 338 1863 liceret3
359 1792 450 1846 utrubi
471 1809 537 1847 vero
555 1791 702 1847 interdicto
722 1791 745 1846 is
762 1791 908 1858 vincebat,
924 1789 972 1864 qui
987 1789 1097 1846 maiore
1113 1799 1194 1863 porte

228 1865 287 1921 eius
313 1865 378 1920 anni
406 1882 458 1921 nec
483 1865 525 1936 ri,
552 1882 606 1920 nec
625 1881 713 1937 cram,
739 1882 791 1920 uec
815 1863 943 1938 precario
967 1862 1004 1918 ab
1031 1862 1193 1918 adversario

227 1937 396 2028 possidebat.
433 1937 516 1994 hodio
536 1948 629 1994 tamen
649 1937 729 1996 aliter
748 1939 928 1996 observatur:
959 1953 1024 1994 narn
1046 1937 1193 2012 utriusque

228 2013 366 2070 interdicti
387 2022 527 2087 potestas,
547 2021 680 2088 quantum
702 2010 738 2067 ad
759 2012 962 2085 possessiouem
981 2011 1122 2085 pertinet,
1143 2027 1194 2066 ex-

228 2098 348 2162 aequata
368 2097 431 2158 est,
453 2095 482 2142 ut
499 2085 544 2142 ille
561 2085 652 2143 vincat
670 2095 699 2141 et
718 2085 748 2142 in
764 2103 795 2142 re
814 2085 865 2140 soli
881 2094 909 2140 et
923 2085 951 2139 in
966 2101 997 2139 re
1011 2083 1127 2154 mobili,
1148 2084 1193 2170 qui

249 2160 431 2216 assessionem
451 2177 504 2216 nec
522 2159 564 2232 vi,
585 2177 638 2215 nec
657 2159 745 2230 clam,
766 2176 820 2215 nec
834 2158 961 2234 precario
978 2157 1014 2212 ab
1031 2156 1196 2213 adversario

197 2179 281 2290 aitis
301 2233 509 2290 contestationis
528 2243 583 2290 tem
607 2250 656 2289 ore
676 2232 782 2289 detinet
792 2234 828 2308 ⁷).
865 2229 1015 2298 Possidere
1035 2240 1135 2290 autem
1155 2231 1194 2286 vi·
1221 2272 1225 2286 .

227 2305 310 2362 detur
335 2307 453 2383 quisque
478 2326 533 2362 oon
556 2251 665 2375 scium,
696 2306 719 2362 si
741 2305 802 2380 ipse
825 2304 990 2380 possideat,
1018 2305 1071 2362 sed
1099 2315 1148 2372 et,
1172 2305 1192 2360 si

228 2380 286 2435 eius
306 2381 418 2436 nornine
437 2381 536 2455 aliquis
555 2381 583 2436 in
601 2380 776 2455 possessione
795 2379 848 2447 sit,
866 2378 929 2435 licet
943 2379 966 2433 is
980 2377 1040 2438 eius
1055 2378 1110 2434 iuri
1126 2378 1193 2434 sob-

229 2453 316 2507 iectus
342 2471 397 2507 nou
426 2453 476 2523 sit,
499 2453 588 2527 qualis
613 2462 656 2510 est
681 2453 795 2509 colonus
821 2461 849 2508 et
872 2451 1039 2528 inquilinus3
1070 2470 1125 2526 per
1146 2469 1192 2508 eos

229 2543 358 2612 quoque,
377 2524 453 2599 apud
473 2543 543 2600 quos
562 2525 724 2602 deposuerit
743 2526 823 2602 quis,
841 2535 890 2581 aut
908 2526 1008 2602 quibus
1027 2525 1192 2583 commode-

229 2610 316 2667 rent,
345 2616 405 2674 ipse
433 2598 576 2673 possidere
606 2599 728 2660 videtur:
758 2609 786 2656 et
810 2599 864 2655 hoc
890 2609 949 2668 est,
997 2599 1053 2654 uod
1082 2599 1193 2668 dicitnr,

228 2675 340 2730 retinere
364 2672 555 2747 possessionem
580 2689 658 2749 passe
682 2672 795 2750 clientem
820 2690 869 2748 per
886 2617 1042 2750 quemlibet,
1070 2675 1117 2751 qui
1137 2674 1192 2729 cass

228 2750 334 2804 numine
351 2750 387 2804 sit
406 2748 434 2803 in
450 2748 623 2824 possessione.
660 2748 812 2822 quinetiam
833 2747 927 2802 animo
945 2764 1058 2822 quoque
1076 2745 1191 2804 retineri

228 2821 431 2895 possessionem
453 2821 560 2897 placet,
585 2821 613 2877 id
638 2833 680 2877 est
701 2832 746 2892 ut,
771 2821 896 2896 quamvis
915 2838 1007 2896 neque
1026 2820 1089 2908 ipse
1109 2821 1145 2875 sit
1164 2819 1190 2874 in

228 2895 420 3022 possessione,
447 2913 539 2972 neque
564 2894 624 2952 eius
644 2895 757 2950 nomine
779 2893 863 2964 alius,
890 2903 1000 2966 tamen,
1024 2913 1049 2950 st
1067 2911 1126 2950 nou
1146 2911 1190 2948 se-

239 2967 396 3043 inquendae
422 2969 604 3044 possessionis
623 2969 734 3036 animo,
758 2966 807 3022 sed
828 2976 926 3042 postea
945 2985 1108 3023 reversurus
1126 2965 1191 3022 inde

208 3049 212 3056 ’
230 3039 400 3112 discesserit,
419 3042 538 3100 retinere
553 3042 754 3120 possessionem
771 3040 888 3097 videtur.
908 3041 1025 3116 adipisci
1041 3058 1110 3097 vero
1125 3059 1192 3116 pos-

229 3113 379 3168 sessionem
400 3131 451 3188 per
477 3135 547 3191 qnos
568 3116 666 3192 aliquis
686 3124 795 3192 potest,
821 3114 944 3170 secundo
965 3115 1036 3171 libro
1056 3113 1190 3202 exposui·

229 3203 300 3244 mus.
319 3205 373 3243 uec
393 3187 449 3241 nlla
468 3188 605 3245 dubitatio
625 3201 684 3259 est,
704 3189 770 3265 quin
793 3187 886 3244 animo
906 3187 966 3244 solo
985 3205 1192 3263 possessiouem

284 3360 429 3416 npetttorts.
444 3386 471 3397 -
501 3363 525 3416 g)
539 3362 687 3421 culpano&
701 3364 826 3419 nuum
842 3363 936 3420 esta,
951 3373 1025 3418 rap..

254 3487 279 3539 b)
295 3487 325 3530 Ι).
340 3487 370 3529 de
384 3495 433 3538 reg.
447 3485 507 3530 luris
519 3487 548 3537 ¹1,
562 3485 598 3530 17.
612 3488 628 3531 l.
639 3487 690 3530 ¹28.
726 3489 756 3530 de
774 3486 853 3532 utrubi
867 3487 951 3542 ant,
966 3487 1005 3531 st.
1035 3486 1063 3532 G.
1079 3487 1122 3531 Ἧι.
1137 3487 1187 3532 eod.

226 3553 262 3596 pr.
284 3563 313 3575 -
341 3542 365 3593 6)
380 3543 477 3586 tereto.
496 3543 596 3586 eunuch.
615 3544 651 3596 11,
667 3544 690 3597 ³,
725 3545 766 3598 lv,
783 3546 821 3587 23.
851 3544 877 3587 c.
894 3545 911 3586 1.
928 3542 961 3587 oti
977 3542 1067 3596 possid.
1085 3542 1185 3596 l'lll‚t'n

226 3599 265 3642 rt.
286 3596 366 3653 ibique
386 3598 503 3643 nortatus.
532 3599 584 3642 hex
603 3597 692 3642 'risoria
727 3599 774 3643 Cio.
797 3600 827 3642 de
847 3601 938 3652 republ.
954 3601 978 3654 1,
996 3600 1032 3643 ¹3.
1062 3601 1148 3643 restas
1163 3608 1185 3640 v.

226 3655 370 3709 (soartgeno.
397 3654 470 3720 statio.
498 3655 563 3698 Rom.
589 3665 691 3700 monum.
724 3657 849 3707 possess-tu.
886 3653 976 3700 isidor.
999 3655 1076 3708 origg.
1097 3655 1126 3709 V,
1148 3654 1184 3696 25.

224 3711 275 3762 leg.
290 3723 311 3763 p.
323 3712 376 3762 td).
406 3711 454 3754 cre.
471 3721 492 3762 p.
509 3712 579 3756 Coeo.
593 3713 624 3754 δὲ
635 3710 691 3760 (92).
727 3711 863 3763 Sitttplirius
879 3710 922 3758 (rel
937 3721 1016 3765 agras.
1031 3711 1140 3765 scriptor.
1151 3709 1187 3753 etl.

227 3785 257 3796 -
273 3767 296 3816 'tl
312 3768 341 3808 1).
357 3763 392 3808 uti
406 3765 535 3819 possidetis
549 3768 631 3820 Xltlll,
643 3765 692 3819 ¹⁷&
727 3767 807 3810 (lossii
823 3779 844 3819 p.
862 3767 917 3820 itt).

1055 1421 1084 1476 ui
1104 1421 1192 1478 inter·
1267 1481 1268 1488 ἵ
