2516 4328
239 309 304 376 lut
354 311 505 371 lnarrrur.
532 307 814 378 Danaoraoornu
828 309 885 383 lt,
898 315 927 368 3.
948 307 980 392 §-
997 314 1150 368 rr-ra,

240 460 360 518 fractum
378 460 483 537 suerit,
504 461 577 520 aetio
594 479 632 519 ex
644 460 698 518 hoe
713 459 805 546 capite
818 457 1012 532 eunrtituitnr3
1032 472 1214 533 quamquam

240 535 364 610 potuerit
388 537 448 593 nola
474 538 547 611 rupti
573 535 725 610 appellatio
744 551 773 588 ιιι
794 549 892 590 omnen
911 531 979 589 iatar
1002 547 1106 588 caerae
1136 529 1216 586 cuffi-

240 625 322 666 care:
343 619 456 686 ruptum
476 610 549 666 enim
569 608 753 684 intellegitur,
772 605 848 681 quod
867 623 980 682 quoquo
1000 604 1091 662 modo
1111 621 1217 662 σοι-ιι-

240 693 319 758 ptum
345 693 397 743 ert.
435 682 511 740 unde
537 700 593 738 non
621 682 710 738 aoium
738 689 815 748 ueta,
842 689 891 736 aut
913 678 1022 749 fracta,
1050 677 1103 735 aed
1128 679 1214 736 etiam

240 755 342 824 aciaaa,
361 764 390 814 et
408 756 520 826 collisa,
540 764 569 811 et
588 753 694 826 effusa,
715 763 744 812 et
762 771 876 829 quoquo
892 753 977 809 modo
993 761 1156 828 perempta
1173 761 1217 810 at-

240 847 296 904 que
314 828 455 888 deteriora
472 828 548 886 iacta
564 829 618 886 hoc
637 829 721 886 verbo
736 827 930 900 eontinentur,
949 826 1077 914 denique
1091 843 1218 902 respon-

240 921 302 958 sum
323 911 380 975 eat,
405 902 429 959 ai
454 902 516 978 quis
541 902 568 958 in
589 902 711 960 alienam
730 901 823 958 riuum
844 909 894 957 aut
916 900 1010 958 oleum
1030 899 1061 955 rd
1085 899 1217 958 immine·

241 975 278 1030 rit
286 974 332 1048 ¹¹),
351 993 407 1051 quo
425 976 559 1032 naturalia
579 977 688 1032 bouitaa
704 975 761 1031 rini
779 974 821 1032 vel
834 973 888 1031 olei
902 982 1158 1050 corrumperetur,
1181 991 1215 1030 ex

200 1047 296 1105 ulrac
314 1058 395 1123 parte
416 1049 486 1126 legia
505 1067 569 1107 enm
589 1049 679 1106 teneri
692 1048 745 1124 ¹³).
786 1045 909 1118 ¹⁴)lllnd
931 1047 1026 1122 palam
1049 1057 1119 1116 eat,
1146 1048 1217 1104 sicut

242 1139 278 1178 ex
304 1123 395 1198 primo
421 1123 513 1199 capite
540 1124 579 1179 ita
602 1122 715 1180 demum
735 1120 852 1198 quiaque
872 1131 1001 1194 tenetur,
1027 1121 1053 1177 ai
1074 1121 1149 1177 dolo
1171 1130 1216 1178 ant

243 1194 325 1272 culpa
343 1198 403 1254 eina
421 1197 506 1254 homo
526 1206 574 1253 ant
592 1197 754 1272 quadrupea
772 1195 879 1251 occiana
894 1195 1021 1251 occisare
1036 1193 1133 1251 fuerit
1143 1231 1158 1265 ,
1179 1196 1213 1250 ita

243 1287 279 1326 ex
299 1270 353 1326 hoc
370 1271 477 1347 capite,
499 1289 535 1327 ex
555 1270 620 1326 dolo
639 1279 688 1327 aut
708 1267 806 1344 culpa,
826 1267 861 1325 de
874 1278 968 1325 cetero
985 1268 1096 1324 damno
1112 1286 1213 1345 quem·

242 1361 297 1419 que
316 1344 415 1402 teneri.
455 1345 516 1401 Hoc
532 1351 626 1400 tamen
645 1344 737 1418 capite
757 1360 812 1398 non
833 1343 928 1417 quanti
945 1343 975 1398 in
989 1360 1025 1400 eo
1042 1359 1146 1414 anno,
1167 1341 1211 1400 red

241 1417 338 1492 quanti
358 1419 386 1474 in
407 1417 506 1474 diebus
524 1417 638 1492 triginta
658 1416 793 1493 proximia
812 1433 856 1472 rer
876 1415 976 1485 inerit,
1004 1416 1159 1492 obligatur
1185 1418 1211 1484 ir,

200 1491 288 1565 toqui
308 1490 439 1548 damnum
460 1489 579 1547 dederit.
625 1493 665 1548 Ac
682 1507 717 1548 ne
735 1488 844 1566 plorimi
863 1489 975 1564 quidem
996 1490 1121 1547 verbum
1144 1489 1210 1546 adii·

240 1565 318 1619 citur.
356 1565 406 1620 aed
426 1562 534 1619 Sabino
562 1572 637 1621 recte
661 1564 779 1639 placuit,
803 1563 920 1638 perinde
938 1563 1106 1620 hahendam
1129 1563 1211 1621 aesti-

240 1635 409 1708 mationem,
438 1637 494 1693 aori
520 1637 605 1694 etiam
630 1638 684 1694 irae
703 1648 783 1714 parte
801 1634 909 1713 plurimi
928 1639 1044 1693 verbum
1068 1638 1209 1696 adiectum

240 1709 354 1767 inierat:
380 1727 445 1766 naar
471 1709 582 1787 plebem
599 1711 775 1783 Romanam,
799 1727 873 1786 quae
893 1710 1004 1786 Aquilio
1025 1712 1148 1768 tribuno
1168 1731 1208 1768 ro-

241 1791 326 1856 gante
345 1782 419 1840 hanc
438 1783 530 1862 legem
552 1785 682 1859 tulit¹⁵)‚
699 1793 868 1841 contentam
887 1782 990 1854 fuisse,
1017 1787 1100 1861 quod
1121 1786 1208 1862 prima

242 1865 323 1932 parte
342 1874 377 1914 eo
397 1859 483 1915 verbo
502 1875 553 1915 aaa
574 1866 626 1916 est.

201 1936 232 1982 ¹6
299 1931 432 1988 Ceterum
455 1931 580 2008 placuit,
607 1933 647 1989 ita
673 1931 785 1988 demum
806 1948 842 1988 ex
862 1930 915 1988 hac
939 1931 1002 2006 iege
1014 1930 1037 2004 ¹)
1067 1934 1208 1991 actionem

242 2021 317 2078 esee,
345 2006 369 2061 ai
393 2006 455 2082 quia
481 2005 637 2081 praecipue
658 2023 777 2081 corpore
801 2005 897 2075 anon)
924 2004 1059 2062 damnum
1091 2007 1208 2066 dederit.

240 2073 365 2154 ideoque
391 2079 419 2135 in
446 2097 528 2148 enm,
554 2080 602 2156 qui
628 2079 683 2136 alio
709 2078 794 2135 modo
815 2078 947 2135 damnum
967 2079 1100 2150 dederit,
1132 2083 1208 2138 utiles

242 2152 366 2209 actiones
392 2152 454 2209 dari
476 2154 583 2212 colent:
616 2153 699 2210 veluti
721 2153 744 2208 ai
768 2152 829 2229 quis
854 2151 995 2208 hominem
1016 2154 1146 2212 alienum
1166 2163 1209 2212 aot

241 2243 328 2300 pecua
344 2226 383 2282 ita
399 2226 556 2300 incluserit,
577 2236 607 2283 nt
624 2226 700 2284 farne
720 2235 888 2296 necaretur,
909 2235 958 2282 aut
974 2227 1138 2286 iumentum
1157 2240 1209 2285 tam

242 2299 423 2358 vehementer
449 2301 556 2376 egerit,
583 2310 613 2356 ut
639 2309 836 2376 rumperetur,
865 2307 914 2356 aut
937 2317 1024 2376 pecua
1049 2301 1206 2360 intantum

241 2373 441 2448 exagitaverit,
471 2385 501 2431 ιιι
526 2374 779 2450 praecipitaretur,
807 2381 857 2430 aut
882 2374 906 2429 ai
950 2375 991 2430 uia
1010 2374 1109 2432 alieno
1130 2394 1205 2434 cerro

241 2447 428 2520 persuaserit,
455 2457 487 2502 ut
506 2447 537 2502 in
555 2448 684 2504 arborem
701 2446 883 2519 accenderet,
906 2393 949 2504 vd
968 2448 997 2504 in
1016 2459 1140 2522 puteum
1160 2451 1207 2507 de-

242 2518 405 2590 scenderet,
432 2527 461 2575 at
484 2519 508 2574 ia
533 2519 711 2578 ascendendo
731 2520 774 2576 rei
793 2520 991 2578 descendendo
1011 2531 1061 2580 aut
1081 2535 1207 2581 mortum

241 2591 344 2664 suerit,
364 2601 413 2648 unt
432 2591 526 2668 aliqua
545 2602 625 2668 parte
647 2594 772 2671 corporis
786 2595 899 2665 laeana,
921 2595 1036 2652 utilitia
1050 2612 1118 2655 eum
1137 2599 1207 2656 actio

242 2665 334 2720 datur.
372 2663 423 2722 aed
448 2665 471 2722 ai
499 2667 561 2744 quia
586 2667 706 2725 alienum
731 2685 841 2725 nervum
862 2668 899 2725 de
919 2678 1005 2746 ponte
1024 2680 1076 2727 aut
1095 2671 1163 2748 ripa
1183 2673 1206 2729 in

241 2739 348 2796 flumen
373 2739 521 2812 deiecerit,
547 2749 576 2798 et
598 2741 621 2798 ia
642 2739 794 2800 suffocatur
812 2740 918 2815 suerit,
942 2759 993 2812 eo,
1012 2745 1091 2819 quod
1112 2747 1206 2821 proie-

242 2814 326 2886 cerit,
351 2831 470 2943 corpore
489 2832 539 2871 ruo
559 2814 698 2872 damnum·
712 2815 823 2872 dedicta
841 2834 899 2873 non
918 2815 1066 2874 difficiliter
1084 2819 1207 2896 intellegi

241 2888 362 2962 poterit:
383 2889 391 2942 i
412 2905 505 2964 eoque
523 2889 585 2964 ipra
603 2890 665 2963 lege
679 2889 790 2968 Aquilia
803 2898 923 2948 tenetur.
961 2890 1020 2947 Sed
1033 2891 1056 2947 ai
1070 2911 1130 2950 non
1147 2913 1208 2951 cor-

149 2979 151 2984 ·
242 2979 312 3035 pore
338 2960 470 3018 damnum
496 2960 581 3019 suerit
606 2962 719 3036 datum,
748 2979 841 3038 neque
864 2981 966 3039 corpus
985 2965 1093 3021 laecum
1114 2965 1206 3040 suerit,

242 3033 295 3089 aed
313 3033 367 3090 alio
387 3034 471 3090 modo
490 3034 622 3092 damnum
642 3037 724 3093 alieni
743 3037 910 3112 eontigerit,
934 3055 996 3094 oum
1021 3057 1081 3095 non
1108 3040 1208 3099 suflicit

243 3123 336 3191 neque
355 3105 589 3194 directa‚·neque
608 3109 681 3166 utilia
695 3110 826 3198 aquilia,
847 3111 965 3198 placuit,
985 3129 1066 3200 eum,
1089 3115 1140 3202 qni
1158 3117 1208 3172 ob-

243 3197 346 3235 aorrua
362 3178 461 3251 fuerit,
481 3199 512 3236 ιιι
526 3180 631 3238 sactum
651 3193 761 3240 acirone
781 3194 889 3242 tenen:
908 3183 992 3241 velun
1011 3204 1034 3240 rr
1054 3203 1135 3262 quie,
1156 3191 1208 3246 mi-

243 3253 395 3310 sericordia
414 3251 530 3326 doctae,
550 3254 670 3312 alienum
689 3273 798 3314 cerrum
818 3257 1008 3334 compeditam
1026 3261 1161 3336 solverit,
1181 3273 1209 3319 nt

242 3326 354 3401 fugeret
365 3326 417 3400 ¹⁶).

241 3486 696 3593 migpwm'm*
723 3485 1207 3540 lleaaldtractmmarckt-

273 3650 309 3700 ra)
325 3645 355 3692 t).
369 3649 392 3692 tr.
407 3649 423 3692 l.
439 3647 476 3694 tt.
492 3647 516 3704 s.
531 3649 554 3694 a.
569 3659 620 3706 eoo.
634 3650 651 3694 1.
666 3647 705 3694 to.
739 3649 801 3692 Ιι.-
819 3648 857 3698 ιθ)
870 3646 1207 3704 matisconem.

241 3703 296 3756 Μ.
312 3725 341 3736 -
365 3703 402 3755 Η)
419 3705 447 3750 Ι).
459 3707 481 3750 tr.
497 3705 558 3749 1³⁷.
573 3705 628 3758 sto.
643 3705 706 3750 itti.
740 3711 775 3758 pr.
788 3703 864 3756 toda
878 3704 912 3748 de
923 3713 997 3748 serto
1011 3709 1207 3760 corruptam

241 3757 517 3814 §.tr.1.8⁰.s.³.-
547 3761 584 3813 tol
599 3761 706 3814 roenna
738 3757 1208 3820 tostirededotoimttsr.
