2520 4328
237 321 280 386 78
322 323 473 382 lusrrrur.
501 321 549 380 Du
566 341 684 383 uranu.
702 343 918 386 rusurrununrs
935 328 976 400 ll,
1000 337 1045 388 tr.
1064 329 1098 412 ξ
1118 337 1241 412 tm&

236 471 376 528 Plautium
403 473 527 546 scripsit,
556 471 652 528 refert.
690 471 823 548 Proprius
849 485 941 530 autem
963 495 1059 533 servus
1081 479 1182 535 etiam
1206 484 1241 538 is¹

239 547 422 619 intellegitur,
443 547 470 600 iu
489 563 544 619 quo
562 546 665 601 nudam
685 548 885 622 proprietatem
901 560 1018 605 testator
1032 552 1147 627 hahet,
1166 555 1241 632 alio]

181 622 184 632 “
239 616 438 675 usumfructum
465 619 599 674 habente.
634 631 675 674 est
701 633 794 675 autem
820 640 916 694 casus,
942 624 970 680 in
991 644 1047 700 quo
1072 647 1134 684 nec
1157 637 1241 686 curn]

238 694 365 748 lihertate
386 694 491 748 utiliter
509 711 604 747 servus
627 711 644 748 a
664 694 778 748 domina
799 694 880 750 heres
898 697 1065 770 instituitur,
1088 713 1124 756 ut
1148 722 1241 758 con-,

236 769 380 822 stitutione
400 767 526 820 divorum
548 765 646 821 Severi
665 778 692 822 et
713 768 842 824 Antonini
863 782 991 842 cavetur,
1019 777 1102 830 cuius
1129 779 1225 832 rerha

237 843 306 896 haec
326 851 406 896 sunt:
435 857 539 896 seruum
563 839 693 896 urlulterio
718 839 879 898 aruoulutunr
899 861 954 901 non
972 848 1029 903 iure
1045 855 1226 907 testamento

233 917 427 970 nturtumissunr
448 921 508 970 unte
523 917 685 971 sententium
710 914 742 970 oh
762 933 793 972 eu
813 916 924 973 aridiore
942 919 1042 993 uideri,
1072 941 1150 998 qaue
1172 944 1224 981 reu

233 987 323 1058 literni
343 985 458 1042 eiusdem
482 990 600 1043 criminis
618 987 768 1062 postulatu,
796 993 910 1047 rationis
929 999 985 1064 σείς
1015 1013 1101 1069 qrrure
1121 1003 1241 1072 sequi-¹

234 1067 292 1130 tur,
313 1067 342 1115 ut
362 1063 391 1116 itt
411 1059 520 1116 aradam
530 1079 559 1116 ,o
578 1060 686 1118 dontino
706 1061 801 1120 colluto
820 1065 949 1122 institutio
965 1066 1065 1125 rutilius
1078 1077 1221 1127 momenti
1240 1091 1241 1118 1

233 1131 368 1190 habeatur.
408 1135 519 1189 Alienus
535 1152 631 1190 servus
647 1136 729 1190 etiam
746 1137 768 1190 is
784 1137 972 1212 intellegitur,
992 1141 1019 1197 in
1036 1161 1093 1218 quo
1112 1165 1218 1200 usum·
1240 1197 1241 1222 ,

209 1209 354 1262 tirueturn
377 1217 493 1262 testator
512 1207 598 1262 hahet
608 1213 644 1283 ²).
682 1208 785 1264 Servus
803 1222 896 1267 autem
918 1233 934 1269 a
955 1217 1069 1272 domino
1086 1237 1144 1273 suo
1163 1220 1217 1274 he·
1240 1229 1241 1294 f

235 1298 279 1335 res
298 1281 453 1349 institutus,
477 1283 499 1336 si
525 1281 637 1355 quidem
660 1282 687 1337 in
708 1283 806 1340 eadem
827 1303 909 1342 causa
931 1291 1063 1346 manserit
1072 1329 1086 1362 9
1121 1292 1157 1346 lit
1179 1313 1214 1349 ex
1240 1335 1241 1342 κ

235 1363 400 1410 testamento
424 1355 511 1426 liher,
536 1357 673 1430 heresque
692 1359 872 1414 necessarius.
911 1363 933 1416 si
955 1381 1019 1419 vero
1040 1383 1055 1419 a
1078 1367 1147 1422 rivo
1169 1379 1213 1423 te-

234 1438 338 1484 statore
365 1429 550 1483 manumissus
572 1429 677 1500 luerit,
707 1449 758 1485 suo
780 1433 895 1488 arbitrio
918 1436 996 1494 adire
1016 1438 1212 1497 hereditatem
1240 1467 1241 1476 ¹

233 1511 345 1574 potest,
365 1503 430 1574 quin
454 1519 508 1556 non
527 1501 557 1556 iit
577 1504 769 1578 necessarius,
791 1525 852 1561 cum
872 1519 1020 1586 utrumque
1040 1531 1077 1568 ex
1098 1515 1210 1572 domini

233 1585 401 1630 testamento
422 1593 477 1630 non
498 1578 684 1651 consequitur.
725 1580 824 1654 quodsi
844 1581 980 1639 alienatus
998 1585 1106 1658 luerit,
1133 1591 1208 1644 iussu
1240 1603 1241 1608 ’

233 1649 296 1702 nori
325 1647 429 1704 domini
456 1647 533 1703 adire
560 1649 745 1708 hereditatem
772 1654 873 1726 dehet,
901 1669 930 1712 et
956 1676 990 1714 ea
1015 1661 1128 1716 ratione
1158 1683 1208 1738 per

232 1740 295 1777 eum
316 1721 445 1777 dominus
464 1721 495 1777 fit
514 1723 615 1781 heresi
632 1743 695 1780 nam
718 1727 778 1800 ipse
796 1728 931 1785 alienatus
951 1750 1044 1807 neque
1065 1735 1142 1791 liber
1156 1757 1207 1794 ne-
1240 1785 1241 1788 ,

232 1813 286 1869 que
314 1795 396 1850 heres
415 1814 476 1851 esse
497 1809 608 1870 potest,
632 1799 739 1854 etiamsi
759 1820 820 1857 cum
842 1803 969 1860 libertate
987 1806 1070 1863 heres
1091 1811 1205 1867 institu-
1240 1865 1241 1874 ,

231 1879 275 1922 tus
295 1867 395 1926 luerit:
418 1870 555 1926 destitisse
572 1873 674 1928 etenim
695 1891 712 1927 a
731 1874 865 1930 libertatis
884 1878 998 1936 datione
1018 1883 1132 1939 ridetur
1153 1887 1205 1941 do·
1240 1885 1241 1954 ξ

231 1942 335 2013 minus,
362 1943 409 2018 qui
438 1962 501 2000 eum
530 1946 668 2002 alienavit.
716 1949 829 2005 Alienus
855 1969 968 2039 quoque
995 1973 1091 2012 servus
1121 1959 1205 2015 heres

230 2016 388 2088 institutus,
416 2017 438 2072 si
458 2019 485 2071 in
506 2019 605 2073 eadem
626 2037 710 2074 causa
730 2021 891 2098 duraverit,
918 2045 993 2083 iussu
1013 2030 1074 2085 eius
1094 2032 1204 2089 domini
1240 2081 1241 2084 ,

231 2090 308 2145 adire
336 2089 521 2145 hereditatem
547 2093 641 2147 debet.
678 2093 700 2147 si
726 2113 790 2150 vero
818 2099 954 2155 alienatus
981 2101 1017 2157 ah
1044 2123 1080 2160 eo
1105 2105 1203 2180 suerit,
1240 2119 1241 2168 ξ

230 2174 279 2218 aut
299 2163 360 2218 viro
380 2174 530 2236 testatore,
557 2175 605 2219 aut
624 2178 688 2240 post
706 2179 822 2232 mortem
844 2172 903 2228 eius
924 2183 1074 2251 antequam
1097 2181 1200 2252 adeat,
1240 2227 1241 2254 3

229 2235 314 2303 dehet
340 2237 414 2292 iussu
442 2238 505 2292 nori
531 2238 636 2295 domini
659 2240 745 2298 adire.
784 2247 853 2300 atsi
872 2252 1057 2306 manumissus
1076 2265 1120 2309 est
1140 2256 1201 2310 vivo

229 2319 378 2381 testatore,
406 2310 448 2366 vel
474 2323 583 2367 mortuo
610 2323 761 2388 antequam
782 2318 886 2392 adeat,
914 2339 965 2377 suo
984 2325 1099 2381 arbitrio
1120 2330 1201 2386 adire
1240 2339 1241 2394 ἕ

200 2383 414 2438 altereditatem
441 2381 581 2459 potest³).
620 2386 722 2444 Servus
744 2391 850 2448 alienus
868 2404 933 2468 post
952 2397 1057 2454 domini
1076 2413 1198 2458 mortem

228 2467 303 2512 reete
330 2456 410 2512 heres
435 2459 600 2531 instituitur,
628 2462 694 2536 quia
720 2473 749 2519 et
774 2483 836 2520 eum
857 2467 1031 2526 hereditariis
1049 2475 1137 2530 servis
1157 2488 1197 2532 est
1240 2495 1241 2502 ³

227 2531 385 2586 testamenti
411 2530 513 2589 factio:
542 2533 665 2590 nondum
691 2537 763 2592 enim
791 2538 866 2596 adita
894 2543 1035 2600 hereditas
1056 2565 1197 2621 personae
1240 2569 1241 2620 3

227 2604 313 2659 ricem
340 2605 471 2678 sustinet,
501 2625 556 2662 nou
583 2607 694 2664 heredis
712 2609 814 2684 loturi,
841 2615 890 2670 sed
909 2617 1054 2690 defuncti,
1084 2640 1147 2678 cnm
1168 2637 1195 2680 et
1240 2687 1241 2694 ,

227 2678 303 2745 eius,
337 2678 384 2753 qui
411 2679 440 2734 in
467 2691 545 2735 utero
572 2692 630 2754 est,
665 2702 760 2740 servus
786 2698 861 2744 recte
885 2687 967 2746 heres
995 2693 1147 2752 instituitur
1158 2700 1193 2772 ⁴).
1240 2699 1241 2768 ᾗ

196 2750 329 2806 sservus
353 2753 491 2828 plurium,
521 2773 582 2809 cum
603 2756 704 2829 quibus
726 2764 883 2818 testamenti
902 2764 987 2820 factio
1007 2778 1064 2837 est,
1086 2771 1122 2824 ab
1143 2791 1193 2828 ex-

225 2836 324 2880 traneo
342 2826 481 2882 institutus
501 2827 604 2900 heres,
637 2831 784 2907 unicuique
807 2836 998 2908 dominorum,
1019 2843 1097 2898 cuius
1117 2845 1192 2902 iussu
1240 2843 1241 2910 ἶ

225 2898 341 2971 adierit,
364 2919 415 2975 pro
435 2901 565 2977 portione
585 2905 700 2960 dominii
720 2909 836 2982 acquirit
855 2911 1038 2970 hereditatem
1052 2911 1089 2990 ⁵).
1240 2911 1241 2982 l

196 2982 212 3024 4
279 2972 316 3028 Et
343 2993 428 3029 unum
458 2973 615 3048 hominem,
642 2988 670 3032 et
698 2980 790 3053 plures
811 2983 838 3037 in
861 2983 1017 3055 inlinitum,
1044 3001 1112 3063 quot
1131 2995 1190 3066 quis
1240 2989 1241 3042 ἓ

195 3045 303 3117 stelit,
332 3047 452 3102 heredes
478 3047 573 3105 lacere
597 3051 670 3107 licet.
710 3054 856 3112 Hereditas
878 3060 1040 3135 plerumque
1062 3065 1190 3121 dividitur
1240 3061 1241 3120 l

222 3121 248 3174 in
279 3121 426 3175 duodecim
449 3121 561 3192 uncias,
590 3142 664 3198 quae
689 3129 756 3182 assis
778 3131 968 3205 appellatione
986 3136 1185 3210 contineant).
1240 3127 1241 3200 l

223 3193 328 3248 hahent
347 3204 439 3248 autem
460 3204 488 3248 et
507 3193 561 3250 hae
578 3209 674 3272 partes
693 3205 809 3277 propria
825 3207 940 3262 nomina
956 3207 991 3263 ab
1007 3211 1087 3266 uncia
1103 3231 1186 3288 usque

1240 3205 1241 3230 l

278 3367 302 3416 tt)
317 3367 471 3413 eontinentur.
1240 3393 1241 3452 t

250 3490 690 3552 2)D.h.l.3t.1tr.48.s.2.;quiet
725 3501 761 3543 16.
776 3501 793 3544 l.
810 3503 873 3546 t.-
903 3506 926 3556 3)
940 3507 969 3549 D.
985 3509 1008 3550 h.
1023 3509 1073 3553 ts.
1089 3511 1178 3562 eta...
1240 3453 1241 3540 l

221 3546 686 3608 auuiarunuunrissixlr,tt.itt.§.d
723 3555 760 3600 20.
782 3559 791 3600 l
818 3561 856 3605 38,
880 3561 935 3615 §.2
961 3564 983 3607 3.
1005 3565 1027 3607 5.
1054 3567 1176 3621 1.50.pr.

220 3603 601 3662 teuthmanunmronlinetl‚ti.
617 3611 687 3663 μ’,
722 3613 791 3656 nst.
815 3617 838 3668 ς.
856 3619 875 3662 l.
899 3639 927 3650 -
956 3619 1054 3670 t)1t.1.
1070 3624 1143 3679 unp
1159 3629 1177 3668 t.

219 3659 258 3711 qui
275 3663 367 3704 testam.
384 3665 427 3705 tut.
443 3665 460 3712 t,
479 3664 515 3708 td.
531 3666 585 3717 st
616 3668 687 3711 ude
721 3667 881 3717 l.t›².tt⁴l.—-
911 3675 977 3728 5,)1).
995 3677 1174 3732 desentrered.

219 3725 311 3759 necess.
327 3719 406 3759 serris
421 3720 501 3762 hered.
518 3721 557 3772 Vl,
575 3721 613 3765 27.
633 3726 649 3765 1.
663 3725 686 3768 5.
720 3725 810 3784 XXtX,
833 3733 854 3776 2.
876 3733 946 3778 lod.
968 3735 1006 3778 ot.
1029 3728 1067 3780 oe.
1101 3739 1117 3780 l.
1139 3749 1176 3790 prr

218 3781 270 3826 pr.;
294 3782 408 3834 conrnrun:
430 3777 460 3816 oe
479 3777 616 3827 marrunriss.
633 3779 685 3826 Vll.
721 3793 781 3830 uuas
796 3799 858 3840 pers.
876 3792 945 3843 ohltg.
961 3793 1002 3847 111,
1016 3793 1046 3836 28
1059 3793 1113 3845 (29).
1127 3793 1172 3848 §.i
