2548 4342
241 319 303 382 128
344 320 493 377 Iussit-ur.
522 315 571 377 Da
583 335 803 385 securamen
814 335 967 378 tuscum.
982 319 1040 390 111,
1055 325 1108 378 to.
1124 319 1211 398 (rt.)

375 485 571 540 strutus
595 485 793 538 nacturus
818 483 1066 554 (annuemus).

244 589 272 663 ¹)
287 584 346 648 DE
372 584 694 660 ACQUlSI'PlONE
723 585 806 650 PER
830 583 1212 650 ARROGATIONEM.

196 727 235 770 Pr.
293 711 345 767 Est
364 719 393 767 et
413 710 525 767 alterius
545 711 654 786 generis
672 729 724 786 per
740 711 946 767 universitatem
964 710 1116 780 successio,
1139 729 1214 784 quae

239 804 273 840 ne
295 804 330 840 ue
356 785 419 859 lege
444 784 592 841 duodecim
620 786 792 856 tabularum,
819 803 912 861 neque
937 785 1076 860 praetoris
1097 783 1213 853 edicto,

238 805 293 915 sedl
312 877 347 914 eo
374 859 449 930 iure,
476 859 551 934 quod
573 877 708 916 consensu
729 869 873 933 receptum
892 869 950 930 est,
972 857 1141 914 introducta
1163 871 1214 914 est.

211 933 313 989 tEcce
342 933 432 1004 euim,
459 952 520 989 cum
548 933 747 1008 paterfamilias
773 951 834 989 sese
855 935 883 988 iu
910 933 1125 1008 arrogationem
1150 934 1213 1005 dat,

240 1024 336 1062 omnes
356 1023 400 1061 res
420 1007 479 1062 eius
495 1009 671 1083 corporales,
690 1018 719 1064 et
735 1007 940 1082 incorporales,
963 1025 1092 1082 quaeque
1113 1008 1144 1062 ei
1163 1009 1214 1063 de·

240 1081 314 1136 bitae
334 1090 414 1151 suut,
441 1081 597 1156 arrogatori
617 1091 681 1137 ante
701 1081 813 1157 quidem
833 1080 918 1156 pleno
938 1082 997 1136 iure
1018 1081 1212 1156 acquireban-

239 1163 303 1226 tur,
327 1155 452 1229 exceptis
471 1154 530 1228 his,
553 1173 626 1231 quae
667 1173 698 1210 er
717 1156 814 1229 capitis
834 1155 1052 1211 deminutionem
1073 1168 1211 1227 pereunt,

239 1227 335 1303 quales
354 1238 418 1284 sunt
437 1247 587 1303 operarum
608 1173 808 1304 obiigationes,
831 1240 859 1286 et
879 1229 921 1284 ius
940 1229 1109 1303 agnationis.
1148 1251 1211 1286 usus

239 1303 342 1359 etenim
376 1313 404 1358 et
431 1303 619 1372 ususfructus,
651 1303 714 1360 iicet
737 1304 780 1359 his
808 1314 892 1359 autea
919 1304 1210 1376 connumerabautur,

239 1383 362 1432 attamen
384 1376 482 1452 capitis
503 1377 694 1433 deminutione
712 1379 825 1433 minima
847 1396 896 1433 eos
916 1377 974 1433 tulii
992 1387 1089 1432 nostra
1109 1373 1217 1453 proiti-'

209 1461 225 1504 ²
239 1450 299 1505 buit
315 1451 472 1506 constitutio
485 1445 523 1522 ²).
561 1450 645 1506 Nunc
664 1462 758 1508 autem
779 1471 829 1508 uos
847 1451 967 1508 eandem
982 1452 1209 1527 acquisitionem,

239 1541 311 1598 quae
329 1541 381 1597 per
400 1523 607 1598 arrogationem
627 1524 728 1598 fiebat,
746 1526 930 1582 coartavitnus
946 1525 982 1580 ad
995 1526 1207 1584 similitudinem

238 1596 405 1653 naturalium
426 1609 588 1671 parentum:
617 1599 684 1656 nihil
704 1601 807 1656 etenim
828 1599 919 1667 aliud,
939 1600 988 1654 nisi
1008 1603 1206 1658 tantummodo

239 1669 427 1742 ususfructus,
454 1681 510 1726 tarn
538 1673 712 1738 naturalibus
738 1675 864 1748 patribus
889 1691 972 1748 quarn
993 1674 1138 1749 adoptivis
1160 1695 1208 1750 per

238 1742 429 1800 filiusfamilias
449 1746 602 1820 acquiritur
622 1749 649 1802 iu
668 1748 712 1803 his
730 1749 829 1819 rebus,
855 1766 927 1822 quae
947 1749 1123 1804 extrinsecus
1147 1752 1206 1806 fitiis

206 1830 229 1881 t)
240 1818 410 1889 obveniunt,
432 1818 556 1876 dominio
573 1822 612 1877 eis
632 1821 741 1896 integro
761 1833 886 1894 servato,
907 1832 1017 1877 mortuo
1036 1833 1133 1879 autem
1151 1825 1205 1880 fifio

238 1903 368 1968 arrogata
389 1894 417 1949 in
437 1895 571 1968 adoptiva
591 1895 712 1964 familia,
739 1897 822 1952 etiam
843 1895 996 1951 dominium
1021 1897 1081 1952 eius
1101 1899 1140 1953 ad
1160 1919 1206 1954 ar-

237 1979 396 2042 rogatorem
423 1969 594 2043 pertransit,
626 1970 677 2025 nisi
696 1970 835 2044 supersint
855 1971 926 2026 aliae
946 1989 1103 2044 personae,
1132 1991 1205 2048 quae

237 2059 273 2096 ex
297 2052 393 2098 nostra
422 2043 619 2099 constitutione
643 2054 752 2118 patrem
777 2044 804 2099 in
827 2043 887 2116 his,
916 2063 988 2120 quae
1012 2045 1119 2120 acquiri
1148 2067 1204 2103 non

206 2126 368 2190 spossunt,
390 2113 607 2192 antecedunt³).
655 2117 713 2174 Sed
733 2137 768 2173 ex
790 2117 919 2190 diverse,
941 2137 992 2192 pro
1013 2137 1064 2192 eo,
1087 2121 1167 2195 quod
1183 2123 1203 2176 is

236 2191 350 2261 debuit,
370 2190 417 2263 qui
436 2207 466 2245 se
487 2191 514 2245 in
535 2191 714 2268 adoptionem
736 2191 831 2259 dedit,
858 2193 919 2268 ipso
940 2191 1053 2267 quidem
1075 2195 1137 2250 iure
1159 2215 1204 2251 ar-

236 2283 267 2319 ro
289 2275 351 2319 ator
369 2283 425 2319 uon
446 2274 573 2334 tenetur,
600 2265 650 2322 sed
674 2268 787 2322 nomine
812 2265 861 2321 filii
887 2267 1082 2340 convenietur,
1109 2279 1157 2339 et,
1183 2269 1203 2324 si

236 2283 355 2393 adfuerit
382 2357 445 2392 euru
466 2339 637 2411 defendere,
664 2341 831 2415 permittitur
851 2341 1034 2396 creditoribus
1053 2361 1104 2416 per
1125 2363 1203 2399 corn-

236 2422 365 2486 petentes
387 2421 495 2468 nostros
514 2415 707 2487 magistratus,
732 2415 822 2488 buna,
844 2433 917 2489 quae
936 2433 1034 2471 eurum
1054 2436 1117 2472 cum
1138 2438 1204 2473 usu·

236 2487 328 2540 fructu
353 2485 447 2540 futura
471 2486 603 2560 fuissent,
629 2489 652 2542 si
670 2507 700 2544 se
717 2489 807 2544 alieno
826 2489 878 2544 iuri
898 2509 954 2545 non
973 2490 1202 2566 subiecissent⁸),

237 2557 381 2636 possidere
403 2568 431 2614 et
451 2559 575 2633 legitimo
596 2562 680 2618 ruodo
702 2580 736 2617 ea
757 2562 908 2638 disponere
920 2563 958 2640 ⁴).

329 2731 522 2784 'rt'l'ULUS
547 2734 806 2788 UNDECIMUS
835 2736 1108 2801 (DUODECIMUS).

241 2831 1201 2918 unan0‚cu1nrnnnrtr1scrust

403 2929 556 2996 noun
597 2930 1033 3015 unnrcuuruna).

192 3084 234 3131 t’r.
291 3073 414 3127 Accessit
435 3090 524 3126 novus
552 3090 631 3129 casus
656 3074 837 3129 successionis
862 3092 897 3130 ex
920 3075 1118 3132 constitutione
1144 3076 1199 3132 diri
1264 3099 1265 3110 ³

234 3145 333 3202 Marci.
371 3163 435 3200 nam
455 3146 538 3217 sihi,
565 3147 612 3221 qui
632 3147 788 3203 libertatem
809 3152 978 3224 aeceperunt
996 3168 1013 3205 a
1033 3150 1145 3207 domino
1172 3151 1199 3205 in

290 3325 315 3372 a)
331 3322 382 3364 cius
390 3352 395 3364 .
404 3321 480 3364 ‚isset

290 3383 314 3431 a)
331 3377 482 3421 utttt'ctuutmz

265 3507 287 3560 1)
303 3504 354 3549 Cat.
369 3508 418 3560 111,
434 3505 548 3549 emt
572 3527 598 3535 —
634 3503 656 3554 2)
672 3505 700 3548 tt.
735 3507 752 3548 t.
767 3505 805 3556 6.;
826 3505 965 3550 communia·
980 3507 1010 3551 tle
1030 3518 1134 3552 success.
1154 3507 1195 3560 Vt,

236 3563 266 3604 tte
278 3563 357 3614 adopt.
371 3564 390 3614 1,
400 3563 422 3605 7.
438 3563 513 3614 1.ts.;
529 3563 559 3604 tte
572 3562 699 3619 trurtposs.
735 3561 773 3604 59.
793 3563 809 3606 t.
827 3564 863 3605 tt.
887 3583 914 3594 —
957 3563 981 3616 t)
1002 3564 1032 3609 lt.
1052 3563 1083 3608 de
1102 3563 1196 3618 peculi·

237 3629 256 3660 s.
272 3619 319 3662 tau.
336 3619 458 3671 XXXVII,
477 3620 514 3662 tr.
535 3619 551 3661 1.
569 3620 604 3660 tt.
621 3619 645 3667 §-
662 3617 700 3672 23
735 3617 786 3671 XV,
805 3620 826 3660 t.
841 3621 856 3661 t.
873 3617 911 3662 ts.

235 3675 267 3716 tle
281 3684 333 3726 cap.
348 3673 446 3717 minutis
460 3675 501 3729 IV,
514 3676 537 3718 5.
553 3675 599 3717 ts.
616 3673 699 3726 Μ...
764 3677 787 3724 1)
803 3675 831 3718 1).
855 3675 884 3718 de
905 3674 979 3720 fideie.
1001 3675 1079 3720 libert.
1099 3677 1153 3730 XL,
1172 3677 1195 3718 5.

237 3731 253 3772 t.
271 3732 307 3772 Η).
337 3731 363 3774 C.
380 3729 646 3785 deusutr.111‚ttt.t.
663 3729 700 3773 16.
735 3732 753 3772 1.
770 3729 852 3774 2...4.
874 3731 913 3775 30.
942 3731 1080 3784 59..st
1117 3734 1135 3775 c
1164 3732 1195 3772 de

236 3809 264 3818 -
279 3788 302 3836 3)
318 3785 343 3829 C.
359 3785 389 3828 de
404 3785 472 3827 bottis
487 3797 548 3838 quite
563 3784 604 3828 litt.
613 3786 652 3840 vl,
661 3785 701 3828 61.
735 3789 828 3830 testam.
843 3788 981 3831 ntautuuiss.
994 3789 1046 3842 VH,
1064 3791 1085 3832 2.
1101 3789 1144 3832 [6.
1158 3789 1192 3830 ts.
