2548 4342
179 325 182 338 “
235 337 301 402 124
347 339 497 398 lnsrrrum
527 338 1199 415 Daassrortarronaarnsaron.111‚8.(8.)

237 487 375 562 edictum,
422 488 477 545 nod
504 489 624 546 eundem
649 490 805 558 bominem,
834 488 857 542 si
884 487 969 542 invito
990 485 1033 542 vel
1053 486 1201 560 ignorante

238 572 358 638 patrono
384 507 421 618 ad
447 562 585 620 civitatem
606 565 699 619 venire
720 581 756 618 ex
778 557 913 616 beneficio
933 560 1065 636 principis
1083 559 1201 616 sesana-

239 637 292 708 vit,
312 635 434 692 faciebat
454 637 543 692 vivum
564 637 676 711 quidem
695 637 782 692 civem
802 635 977 705 Romanum,
998 634 1129 690 Latinum
1151 651 1203 688 au-

237 721 294 766 tem
315 710 490 766 morientem.
528 712 577 767 sed
605 721 699 766 nostra
718 709 934 779 constitutione,
968 718 1086 782 propter
1105 707 1203 762 buius-

238 784 315 840 modi
338 782 534 839 ·condicionnm
562 785 652 852 vices,
677 793 706 840 et
731 783 799 838 alias
821 779 1017 850 difficultates,
1044 799 1109 836 cum
1136 779 1206 855 ipsis

238 857 347 912 Latinis
374 857 457 912 etiarn
483 856 572 932 legem
593 858 715 928 inuiam,
743 867 772 912 et
791 855 1061 911 senatusconsultum
1081 854 1205 929 Largia-
1258 923 1259 932 ἵ

239 949 323 997 num,
342 939 370 985 et
390 929 510 986 edictum
533 931 588 987 divi
608 931 726 986 Traiani
746 930 775 985 in
794 939 963 1004 perpetuum
983 928 1072 986 deleri
1092 929 1205 984 censui-

239 1021 321 1071 mus,
343 1013 373 1059 ut
392 1021 488 1060 omnes
506 1005 597 1061 liberti
617 1005 727 1061 civitate
748 1003 878 1060 Romana
895 1003 1045 1074 fruantur,
1068 1013 1099 1058 et
1117 1001 1204 1058 mira-

240 1077 289 1132 bili
315 1078 416 1149 modo,
443 1079 609 1152 quibusdam
637 1077 857 1145 adiectionibus,
882 1078 958 1151 ipsas
976 1077 1054 1143 vias,
1080 1077 1204 1150 quaein

239 1150 419 1211 Latinitatem
449 1151 604 1222 ducebant,
631 1153 667 1210 ad
693 1151 831 1210 civitatem
849 1151 1006 1207 Romanam
1032 1149 1204 1224 capiendam

241 1226 461 1299 transposuimus
473 1224 510 1300 ⁵).

419 1414 611 1465 urrunnu
638 1413 838 1464 ocravus
866 1412 1021 1480 (nouus).

271 1513 375 1594 ¹)DE
411 1510 792 1576 ASSIGNATIONE
830 1510 1182 1578 LIBERTORUM.

200 1668 241 1712 er.
298 1652 329 1706 ln
353 1670 477 1724 summa,
503 1652 578 1729 qnod
605 1651 641 1708 ad
663 1653 739 1708 bona
758 1653 937 1724 libertorum,
963 1651 1141 1708 admonendi
1159 1672 1203 1708 sn·

240 1744 317 1798 mus,
338 1737 465 1782 senatum
487 1727 643 1797 censuisse,
664 1730 746 1794 nv),
767 1726 892 1802 quamvis
912 1726 949 1782 ad
970 1743 1070 1782 omnes
1092 1727 1202 1800 patroni

239 1799 358 1871 liberos,
387 1801 434 1874 qni
454 1801 578 1856 eiusdem
599 1798 702 1873 gradus
721 1800 791 1872 sint,
819 1800 973 1874 aequaliter
993 1801 1068 1856 bona
1087 1801 1202 1856 liberto-

239 1891 300 1928 rum
328 1875 507 1948 pertineant,
538 1883 632 1930 tamen
660 1869 780 1948 liceret)
809 1875 934 1948 parenti,
970 1874 1017 1928 uni
1044 1891 1083 1928 ex
1112 1874 1204 1930 liberis

239 1947 382 2022 assignare
407 1948 556 2018 libertum,
586 1958 616 2003 nt
633 1957 697 2022 post
716 1958 833 2002 mortem
854 1946 915 2004 eius
931 1946 1006 2003 solus
1025 1947 1048 2002 is
1068 1957 1204 2021 patronus

240 2019 393 2090 habeatur,
412 2023 455 2078 cui
475 2022 630 2095 assignatus
649 2030 708 2093 est,
727 2031 756 2076 et
776 2022 861 2078 ceteri
879 2020 977 2092 liberi,
999 2021 1048 2096 qui
1062 2021 1119 2095 ipsi
1133 2039 1203 2097 qno-

241 2113 296 2182 que
316 2095 352 2150 ad
373 2095 472 2151 eadem
491 2097 581 2167 bona,
606 2094 680 2150 nulla
702 2094 890 2168 assignatione
909 2094 1134 2164 interveniente,
1153 2112 1203 2170 pa-

241 2179 308 2224 uter
334 2168 561 2241 admitterentur,
587 2167 654 2223 nihil
679 2167 747 2224 iuris
774 2169 801 2224 in
820 2167 863 2224 bis
885 2168 965 2225 bouis
983 2166 1117 2226 habeant.
1155 2169 1201 2224 sed

241 2243 279 2296 ita
300 2241 412 2297 demum
433 2242 578 2316 pristinum
597 2242 640 2296 ius
661 2242 850 2316 recipiunt·)‚
870 2243 893 2298 si
913 2243 952 2310 is,
978 2242 1023 2298 cui
1044 2243 1202 2316 assignatus

214 2325 300 2384 test,
325 2315 476 2372 decesserit
496 2315 577 2371 nullis
595 2315 688 2371 liberis
708 2316 816 2372 relictis.
854 2315 916 2372 Nec
934 2325 1042 2372 tantum
1061 2315 1204 2382 libertum,
1263 2331 1264 2386 j

241 2387 290 2444 sed
321 2389 404 2444 etiam
433 2389 582 2459 libertam,
616 2399 645 2444 et
673 2408 730 2446 non
757 2399 863 2446 tantum
891 2388 949 2444 filio
975 2390 1127 2464 nepotive,
1156 2389 1201 2446 sed
1263 2399 1264 2404 ’

214 2461 326 2517 aetiam
348 2461 422 2518 filiae
441 2463 551 2534 neptire
570 2462 712 2537 assignare
733 2464 900 2535 permittitur
911 2465 947 2536 ²).
999 2463 1090 2520 Datur
1110 2474 1202 2520 autem

241 2534 314 2590 haec
339 2535 496 2609 assignandi
522 2535 639 2592 facultas
666 2537 708 2609 ei,
737 2538 785 2610 qui
809 2538 880 2593 duos
905 2537 1033 2610 pluresve
1053 2536 1157 2594 liberos
1176 2539 1202 2590 iu

241 2616 381 2685 potestate
407 2608 542 2678 babebit,
571 2618 601 2664 ut
626 2609 683 2679 eis,
711 2611 827 2738 (posin
847 2620 986 2685 potestate
1005 2610 1108 2682 habet,
1135 2614 1202 2666 assi-
1263 2677 1264 2680 Ἴ

241 2699 328 2757 gnare
347 2683 374 2739 ei
395 2682 523 2738 libertum
544 2681 707 2738 libertamre
735 2684 815 2740 iceat.
855 2682 930 2742 unde
949 2685 1162 2758 quaerebatur,
1180 2685 1201 2738 si

240 2775 322 2829 eum,
349 2757 393 2812 oui
411 2755 609 2830 assignaverit,
635 2767 734 2830 postea
753 2758 991 2833 emancipaverit,
1012 2777 1078 2814 uum
1100 2776 1203 2814 evane-

240 2841 299 2888 scat
323 2827 498 2904 assignatio?
535 2829 584 2885 sed
613 2831 717 2904 placuit
743 2848 925 2905 evanescere,
951 2832 1026 2906 qnod
1047 2841 1077 2886 et
1097 2831 1204 2888 iuliano

212 2915 270 2960 aet
295 2904 356 2960 aliis
378 2906 518 2980 plerisque
544 2904 629 2960 visum
657 2903 747 2975 est³).
789 2905 851 2962 Nec
877 2906 992 2962 interest
1000 2946 1009 2974 ‚
1035 2914 1204 2961 testamento

241 2978 303 3053 quis
322 2978 460 3052 assignet,
479 2996 514 3034 an
533 2978 593 3033 sine
609 2987 798 3046 testamento,
819 2978 968 3036 sedetiam
983 2978 1204 3054 quibuscumque

242 3051 332 3106 verbis
350 3051 403 3106 boo
422 3051 546 3125 patronis
565 3051 734 3125 permittitur
750 3049 865 3124 lacere,
888 3069 925 3108 ex
942 3053 1003 3127 ipso
1020 3063 1203 3108 senatuscon-

241 3123 337 3194 snitu,v
351 3124 426 3196 quod
447 3124 608 3180 Claudianis
627 3124 799 3197 temporibus
817 3125 922 3182 factum
943 3135 1000 3198 est,
1018 3124 1108 3182 Suillo
1127 3125 1204 3181 Ruso

241 3208 272 3253 et
291 3194 405 3254 Ostorio
424 3197 546 3272 Scapula
566 3197 770 3269 consulibusl).

240 3316 463 3329 ——n———t—

298 3376 322 3426 a)
338 3373 368 3416 et.
383 3393 411 3405 -
440 3374 462 3424 b)
477 3373 563 3417 liceret.
578 3395 606 3408 —-
636 3376 657 3425 c)
673 3373 792 3423 rertptoot.

269 3501 294 3542 ot
318 3497 344 3541 G.
367 3497 396 3540 de
421 3495 533 3541 dediticla
554 3495 633 3540 libert.
655 3498 705 3540 toll.
739 3497 777 3550 t.;
798 3497 908 3539 des'erb.
923 3495 1002 3548 stgntt.
1017 3497 1045 3548 L,
1064 3496 1131 3541 tet.
1147 3495 1201 3538 ror.

241 3555 301 3612 vn,
324 3556 362 3609 5.;
392 3553 422 3596 tle
443 3554 530 3597 Latina
554 3552 632 3596 libert.
654 3553 705 3596 toll.
741 3573 770 3584 ·-
784 3552 807 3603 2)
823 3553 851 3595 1).
867 3555 890 3594 lt.
906 3554 923 3596 l.
937 3553 960 3595 3.
976 3554 1062 3605 stt.
1077 3575 1105 3584 -
1131 3552 1201 3602 ³21).

241 3612 300 3664 vlt,
321 3611 344 3654 6.
740 3614 763 3651 n.
779 3609 794 3651 l.
812 3609 833 3652 t.
855 3607 879 3662 s.
894 3609 917 3650 a
936 3609 953 3652 l.
968 3607 991 3653 9.
1012 3629 1042 3640 -
1063 3609 1092 3652 D.
1107 3609 1160 3652 tul.
1179 3609 1200 3648 t.

271 3664 704 3722 tludeasstgnandtslib.XXXVIII,
740 3665 763 3719 8.
771 3665 793 3708 5.
800 3664 822 3709 6.
834 3685 862 3696 -—
881 3664 906 3717 l)
920 3665 948 3708 l).
959 3666 982 3708 n.
996 3665 1012 3708 1.
1022 3666 1043 3708 t.
1057 3665 1107 3719 §.a
1116 3663 1137 3706 l.
1150 3663 1168 3705 1.
1177 3662 1201 3704 t.
