2548 4342
75 275 227 332 lasrirur.
251 271 298 334 Du
313 290 479 332 snairusc.
494 291 580 332 rnnr.
598 274 654 344 lll,
669 279 697 332 ὅ.
714 273 765 333 Pr.
785 272 816 354 ξ.
832 279 930 330 vt--sn
978 273 1039 335 115

73 423 116 477 vel
135 429 269 497 neptem,
292 441 326 478 ac
343 422 492 497 deinceps,
512 423 680 498 emancipat.
706 422 781 497 qnod
802 439 837 476 ex
857 433 952 478 nostra
969 441 1039 478 con-

72 497 219 552 stitutione
234 497 395 552 omnimodo
409 497 563 568 inducitur,
586 508 616 552 ut
631 495 869 570 emancipationes
887 496 1038 552 liberorum
1095 505 1097 514 ’

73 587 187 646 semper
214 569 360 626 videantui
386 580 529 628 contracta
556 569 660 627 fiducia
684 570 761 642 fieri3
789 587 851 625 curn
869 570 945 645 apud
965 571 1041 626 auti-

73 662 144 772 puos
173 662 230 700 non
257 644 339 701 aliter
364 644 419 700 lroc
446 645 608 714 obtinebat,
633 645 686 700 nisi
712 642 869 720 specialiter
895 652 1040 700 contracta

94 718 176 774 dacia
196 736 300 793 parens
317 719 583 794 manumisisset¹⁰).

351 941 544 994 stannus
569 941 767 994 annuitis.

78 1046 108 1121 ¹)
127 1042 187 1106 DE
225 1039 670 1107 SENATUSCONSULTO
707 1037 1038 1105 TERTULLIANO.

128 1181 191 1240 Lex
218 1182 365 1239 duodecim
386 1183 543 1239 tabularum
568 1183 606 1238 ita
631 1183 725 1238 stricto
746 1183 806 1238 iure
826 1182 976 1254 utebatur,
1007 1192 1076 1238 etPr

74 1258 274 1332 praeponebat
298 1257 483 1312 masculorum
509 1257 696 1332 progeniem,
723 1265 752 1312 et
772 1274 835 1328 eos,
858 1257 904 1330 qui
925 1273 977 1330 per
995 1255 1041 1311 fe-

75 1330 172 1387 minini
193 1349 278 1388 sexus
299 1331 530 1388 necessitudinem
550 1332 602 1386 sibi
621 1331 790 1405 iunguntur,
816 1329 887 1386 adeo
913 1330 1041 1403 expelle-

76 1406 144 1477 bat,
177 1415 208 1461 ut
235 1424 272 1460 ne
298 1405 410 1480 quidem
439 1407 513 1462 iuter
537 1415 653 1460 matrem
677 1417 705 1460 et
724 1405 811 1459 lilium
830 1403 949 1460 filiamve
969 1404 1039 1460 ultro

75 1479 201 1555 citroque
228 1479 392 1536 hereditatis
420 1478 575 1554 capiendae
596 1480 639 1535 ius
662 1478 762 1550 daret,
788 1478 842 1533 nisi
861 1478 934 1552 qnod
956 1496 1041 1553 prae-

77 1563 149 1609 tores
176 1571 213 1609 ex
242 1554 422 1629 proximitate
447 1563 630 1629 cognatorum
651 1571 699 1608 eas
718 1569 854 1628 personas
874 1552 909 1607 ad
930 1571 1041 1608 succes-

77 1627 200 1700 sionem,
229 1629 365 1684 bonorum
392 1629 569 1704 possessione
594 1625 664 1684 unde
688 1629 794 1701 cognati
819 1626 1040 1698 accommodata,

78 1702 223 1758 vocabant.
263 1701 322 1758 Sed
342 1703 396 1758 hae
417 1703 483 1758 iuris
503 1701 649 1776 angustiae
669 1712 767 1775 postea
784 1699 951 1758 emendatae
967 1711 1069 1760 suunt

77 1772 113 1830 Et
131 1777 238 1850 primus
258 1777 371 1852 quidem
393 1776 471 1832 divus
492 1775 627 1832 Claudius
646 1775 748 1842 matri,
766 1773 803 1829 ad
821 1775 950 1831 solatium
970 1775 1042 1830 libe-

77 1847 170 1907 rornr'n
194 1850 360 1906 amissorum
373 1851 417 1925 ²),
438 1851 591 1926 legitimam
612 1866 707 1905 eorum
731 1848 830 1903 detulit
847 1847 1042 1905 hereditatem.

77 1919 177 1980 Postea
202 1934 298 1981 autern
326 1923 565 1982 senatusconsulto
583 1923 776 1995 Tertulliano,
803 1921 878 1997 quod
905 1923 960 1978 divi
981 1923 1073 1980 Hae-a

78 1997 167 2072 driani
193 2000 368 2074 temporibus
394 1998 498 2055 sactum
520 2008 579 2067 est,
606 1997 767 2073 plenissime
786 1996 822 2052 de
841 1997 911 2052 tristi
931 2013 1043 2052 succes-

78 2071 154 2128 sione
179 2075 281 2143 matri‚
305 2091 362 2130 non
390 2075 475 2130 etiarn
496 2073 592 2144 aviae,
619 2072 774 2128 deserenda
794 2080 904 2127 cautum
927 2081 985 2128 est:
1014 2081 1045 2126 ut

77 2155 167 2202 mater
188 2147 312 2222 ingenua
335 2149 417 2204 trium
437 2148 589 2204 liberorum
610 2146 652 2202 ius
671 2146 795 2218 liabens,
821 2145 950 2201 libertina
970 2163 1046 2220 qua-

77 2229 157 2290 tuor,
185 2223 222 2278 ad
252 2221 327 2277 bona
352 2220 473 2278 filiorum
492 2221 647 2277 filiarumve
667 2220 830 2276 admittatur
850 2220 1045 2275 intestatorum

78 2304 268 2368 mortuorum,
288 2297 352 2352 licet
372 2297 399 2350 in
416 2306 555 2371 potestate
569 2296 693 2370 parentis
712 2305 774 2366 est,
796 2304 826 2348 nt
840 2294 960 2365 scilicet,
980 2312 1042 2348 eum

80 2367 169 2426 alieno
190 2370 244 2426 iuri
263 2370 389 2426 subiecta
409 2381 466 2442 est,
495 2371 569 2424 iussu
597 2369 657 2424 eius
678 2369 778 2438 adeat,
806 2369 883 2424 cuius
903 2369 956 2423 iuri
976 2368 1044 2424 sub-

79 2439 149 2498 iecta
177 2456 228 2500 est.
267 2444 466 2518 praeferuntur
492 2453 584 2498 autem
611 2443 693 2499 matri
719 2441 799 2499 liberi
826 2441 966 2514 defuncti,
996 2441 1074 2517 quia'

79 2516 119 2570 sui
138 2530 218 2592 sunt,
260 2519 321 2574 nive
338 2537 452 2574 suorum
473 2517 550 2590 loco,
571 2518 629 2573 sire
647 2517 729 2592 primi
751 2516 870 2590 gradus,
893 2517 950 2572 sive
970 2516 1043 2571 ulte·
1080 2550 1087 2563 ·

79 2589 166 2648 rionis.
204 2537 257 2648 sed
283 2602 311 2648 et
331 2593 405 2649 filiae
425 2611 492 2648 suae
514 2602 641 2647 mortuae
660 2589 732 2646 lilius
752 2591 795 2646 vel
816 2590 872 2646 lilia
893 2590 1043 2665 opponitur

80 2679 115 2717 ex
133 2667 376 2723 constitutionibus
394 2668 475 2722 matri
496 2666 662 2737 defunctae,
685 2666 712 2720 id
734 2677 776 2720 est
795 2666 874 2721 aviae
893 2681 969 2719 suae.
990 2682 1043 2738 pa-

81 2746 123 2792 ter·
146 2757 260 2816 quoque
285 2742 446 2816 utriusque,
472 2761 527 2796 non
547 2741 631 2796 etiam
653 2757 719 2794 arus
740 2739 782 2794 vel
802 2755 940 2814 proavus,
960 2739 1043 2792 matri

81 2816 282 2888 anteponitur,
302 2816 406 2872 scilicet
423 2834 485 2872 curn
504 2817 578 2870 inter
597 2832 645 2870 eus
662 2813 735 2868 solos
755 2813 791 2868 tle
810 2812 967 2868 hereditate
982 2812 1046 2884 agi-

80 2894 132 2941 tur.
169 2887 260 2946 frater
287 2898 381 2946 autem
407 2890 629 2963 consanguineus
650 2898 706 2942 tam
727 2885 775 2941 filii
795 2905 878 2961 quarn
898 2885 972 2940 filiae
991 2904 1046 2940 ex-

81 2958 210 3019 cludebat
236 2974 370 3037 matrem3
398 2982 478 3020 soror
503 2973 595 3018 autem
622 2961 828 3035 consanguinea
851 2960 955 3034 pariter
981 2977 1043 3015 curn

82 3044 169 3092 matre
193 3037 410 3095 admittebatur:
439 3038 488 3094 sed
514 3035 651 3092 siluerat
673 3035 761 3090 irater
780 3045 809 3090 et
828 3052 908 3089 soror
922 3052 1046 3090 consan-

83 3107 189 3183 guinei,
217 3122 246 3168 et
271 3123 363 3168 mater
380 3113 474 3168 liberis
496 3112 655 3181 honorata,
682 3109 772 3165 irater
789 3110 902 3186 quidem
925 3119 1043 3168 matrem

83 3182 261 3256 excludebat,
281 3187 436 3242 communis
455 3197 548 3242 autem
568 3195 628 3240 erat
644 3183 786 3240 hereditas
806 3201 843 3239 ex
861 3183 957 3258 aequis
976 3201 1044 3256 par-

83 3253 152 3312 tibus
178 3259 258 3315 fratri
285 3271 313 3316 et
339 3262 427 3316 sorori
437 3260 474 3334 ³).
526 3258 585 3314 Sed
604 3277 655 3314 nos
674 3259 885 3330 constitutione,
913 3275 995 3331 quam
1017 3257 1072 3312 int

85 3329 176 3389 codice
194 3343 291 3390 nostro
310 3337 424 3392 nomine
443 3335 576 3392 decorato
596 3332 756 3408 posuimus,
778 3333 859 3387 matri
876 3331 1045 3386 subvenien-

83 3451 297 3474 “u-un*—

113 3523 149 3577 llll
163 3528 191 3574 Ι).
206 3532 230 3574 lt.
244 3532 260 3574 1.
276 3530 312 3575 1⁰.
342 3527 544 3581 eunomianum.
580 3527 623 3570 'rb
645 3526 675 3568 de
695 3523 762 3576 legit.
782 3523 864 3566 nered.
878 3522 908 3578 V,
926 3525 947 3567 1.
978 3522 1003 3564 C.
1024 3524 1043 3566 1.

85 3575 143 3638 Vin,
158 3582 195 3630 ts.
209 3588 225 3631 1.
241 3589 264 3632 a.
579 3584 609 3626 aa
630 3583 674 3626 sc.
690 3581 854 3634 't·ertnll.v1‚
869 3579 908 3624 ao.
929 3602 957 3612 -
986 3579 1009 3629 s)
1023 3581 1043 3622 1.

114 3638 136 3681 t)
151 3639 200 3686 (itti.
215 3645 257 3696 m,
274 3645 312 3688 18.
327 3643 365 3687 24.
381 3643 418 3686 25.
447 3642 543 3694 tnptan.
579 3641 609 3683 de
624 3639 703 3690 adopt.
718 3638 737 3692 1,
755 3638 792 3680 lt.
807 3637 832 3691 S.
842 3636 878 3680 io.
893 3658 921 3668 -
940 3635 964 3686 3)
976 3635 1005 3678 n.
1019 3636 1044 3678 h.

86 3687 209 3751 illvm.
237 3703 306 3746 Paul.
329 3704 390 3744 sent.
405 3700 447 3756 IV,
462 3699 484 3743 9.
514 3701 543 3742 tt.
578 3693 942 3748 1.2.s.6...22.1.a.o.8.
978 3693 1044 3736 C.lt.

86 3747 117 3790 tad
130 3752 172 3798 SC.
187 3756 288 3803 'l'ertnll
303 3757 433 3813 XXXVIII,
451 3757 487 3801 tt.
518 3757 544 3801 C.
578 3755 594 3798 l.
604 3753 639 3806 2.;
655 3752 685 3796 atl
701 3751 745 3794 SC.
760 3746 1045 3806 orpntt.v1,ot.t.t.t.
