2548 4342
232 347 278 414 98
340 350 487 408 lnsrrrur.
519 348 567 407 Dr
585 367 665 407 nene
681 365 828 408 annornm
847 348 887 419 ll,
903 354 953 406 22.
977 347 1008 429 5.
1027 356 1055 407 -Ι,
1073 355 1102 407 2.

234 505 322 552 totum
340 497 534 572 patrimonium
555 500 653 573 legatis
671 516 789 573 erogare
809 497 928 573 (quippe
942 515 977 554 ea
988 497 1052 572 lege
1067 497 1105 552 ita
1120 514 1195 552 cau·

235 581 292 625 tum
313 582 401 628 esset:
427 572 504 642 ow)
532 571 640 646 lopussil
661 589 727 629 ntor
751 573 807 639 tri,
832 574 872 627 lla
890 575 934 627 itis
950 567 1074 645 etl⁰¹)):
1103 572 1193 625 visum

234 655 275 699 est
294 643 366 700 hanc
390 643 501 718 legendi
520 644 657 702 licentiam
677 655 825 716 coartare,
854 644 938 772 idgue
957 645 1080 718 ipsorum
1101 655 1193 698 testa·

234 728 324 772 torum
344 717 433 790 gratia
453 720 592 790 provisum
615 729 673 790 est,
700 720 737 774 oh
757 718 803 786 id,
828 736 884 793 quo
927 716 1091 792 plerumque
1117 719 1195 772 inte·

233 791 297 845 stati
316 790 521 862 moriebantur,
538 792 731 848 recusantibus
747 791 855 866 scriptis
876 790 1026 846 heredibus
1042 809 1096 864 pro
1116 791 1197 845 nullo

234 872 282 917 aut
300 863 413 918 minimo
432 863 508 918 lucro
526 864 695 922 hereditates
716 864 801 920 adire.
837 875 867 920 et
886 883 947 920 cum
964 881 1050 938 super
1064 863 1122 919 hoc
1136 875 1196 918 tam

233 935 280 992 len
307 931 445 1008 Furia³),
482 955 566 1011 quam
594 939 639 995 lex
664 938 790 993 Voconia
801 935 829 1010 ⁴)
857 936 931 993 latae
960 947 1040 1004 sunt,
1071 955 1193 1012 quarum
1262 987 1265 1008 ,

234 1017 333 1064 neutra
354 1007 490 1065 sufficiens
509 1011 545 1067 ad
563 1013 603 1068 rei
624 1011 886 1068 consummationem
906 1009 1069 1066 videbatur:
1096 1012 1194 1066 noris-

234 1081 302 1168 sime
330 1082 386 1138 lata
411 1093 452 1138 est
478 1083 524 1140 lex
547 1085 689 1156 Falcidia,
716 1102 771 1159 qua
799 1092 927 1156 cavetur,
952 1101 988 1139 ne
1008 1083 1070 1170 plus
1094 1083 1197 1160 legare

234 1154 344 1227 liceret,
370 1173 454 1232 quarn
481 1157 646 1214 dodrantem
674 1167 794 1213 totorum
823 1157 980 1226 bonorum,
1008 1156 1037 1212 rd
1064 1166 1127 1231 est,
1155 1170 1195 1223 nt,

234 1228 291 1285 sive
318 1247 389 1285 unus
414 1230 496 1286 heres
516 1233 656 1288 institutus
682 1240 772 1303 esset,
799 1232 856 1286 sire
882 1230 993 1305 plures,
1021 1230 1099 1304 apud
1129 1251 1218 1286 enm-

207 1309 316 1359 teosve
336 1321 401 1378 pars
421 1314 521 1378 quarta
537 1315 694 1361 remaneret
705 1306 742 1379 ⁵).
788 1303 905 1360 Etcum
925 1303 1082 1378 quaesitum
1104 1315 1190 1371 esser,

234 1376 342 1433 dnobus
366 1377 516 1433 heredibus
535 1379 678 1451 institutis,
709 1377 791 1434 veluti
810 1377 887 1432 Titio
912 1387 942 1433 et
961 1375 1050 1447 Seio,
1078 1377 1103 1431 si
1125 1377 1193 1432 Titii

234 1469 300 1526 pare
325 1459 374 1506 aut
399 1457 458 1505 tota
476 1450 611 1507 exhausta
629 1453 664 1507 sit
683 1452 797 1526 legatis,
823 1465 896 1525 quae
914 1450 1079 1506 nominatim
1101 1451 1194 1506 abeo

234 1525 300 1580 data
324 1531 405 1592 sunt,
434 1531 483 1578 aut
507 1541 591 1597 supra
616 1524 729 1580 modurn
754 1533 890 1595 onerata,
919 1541 937 1579 a
961 1523 1030 1579 Seio
1050 1541 1121 1579 vero
1147 1535 1193 1579 aut

234 1596 309 1652 nulla
334 1596 430 1651 relicta
456 1597 510 1651 sint
536 1596 644 1672 legata,
673 1608 721 1653 aut
744 1616 817 1672 quae
837 1607 946 1672 partem
965 1597 1025 1652 eius
1043 1595 1192 1652 dumtaxat

233 1671 261 1725 in
281 1678 389 1743 partem
406 1668 548 1726 dimidiam
568 1673 714 1742 minuunt,
735 1689 789 1742 an,
808 1671 873 1746 quia
893 1671 916 1726 is
935 1680 1063 1745 quartam
1104 1680 1191 1725 arten

233 1743 318 1799 totius
335 1741 497 1799 hereditatis
518 1753 565 1799 aut
583 1747 702 1821 amplius
719 1743 822 1815 hahet,
843 1743 921 1800 Titio
940 1743 1009 1799 nihil
1027 1761 1064 1798 ex
1083 1688 1192 1817 liegatis,

234 1835 306 1892 qnae
326 1817 361 1872 ab
383 1835 417 1873 eo
437 1816 532 1874 relicta
550 1829 630 1886 sunt,
649 1819 769 1874 retinere
785 1813 902 1873 liceret‘l
920 1816 1041 1892 placuit,
1061 1826 1092 1872 ut
1107 1835 1196 1891 quar·
1265 1851 1266 1864 t

234 1901 289 1946 tarn
309 1899 416 1965 partem
436 1909 504 1947 suae
527 1893 613 1965 partis
638 1892 740 1948 salvam
767 1890 924 1961 habeatll:
950 1890 1054 1945 etenim
1079 1891 1109 1945 in
1137 1890 1193 1944 sin-

207 1965 304 2039 agolis
322 1964 471 2020 heredibus
490 1965 561 2020 ratio
579 1965 648 2040 legis
664 1964 804 2020 Falcidiae
818 1963 949 2038 ponenda
963 1959 1052 2037 est⁶).
1091 1962 1192 2028 Quan-

235 2039 299 2094 titas
317 2048 410 2094 autern
429 2038 604 2112 patrimonii,
625 2039 660 2094 ad
680 2056 763 2113 quarn
779 2037 850 2093 ratio
869 2037 938 2112 legis
951 2035 1096 2092 Falcidiae
1117 2036 1194 2092 redi-

235 2113 324 2185 gitur,
351 2113 445 2166 mortis
465 2121 591 2185 ternpore
610 2121 761 2187 spectatur.
799 2111 892 2185 itaque
911 2111 934 2166 si
953 2108 1030 2165 verbi
1050 2110 1145 2184 gratia
1161 2109 1195 2174 is,

236 2186 283 2259 qui
303 2195 414 2240 centurn
434 2201 579 2240 aureorum
602 2185 796 2259 patrimonium
815 2185 843 2238 in
864 2184 943 2239 honis
962 2183 1103 2254 hahebat,
1127 2201 1192 2238 cen·

236 2269 294 2312 turn
315 2275 414 2313 aureos
432 2256 585 2332 legaverit,
606 2259 672 2314 nihil
691 2258 831 2332 legatariis
852 2257 981 2332 prodest,
1001 2256 1024 2311 si
1043 2266 1112 2312 ante
1131 2255 1192 2311 adi-

236 2340 293 2385 tam
312 2330 493 2386 hereditatem
513 2349 563 2405 per
581 2349 674 2388 servos
692 2331 889 2402 hereditarios,
917 2339 964 2385 aut
980 2347 1016 2385 ex
1036 2339 1122 2404 partu
1141 2347 1192 2384 an·

237 2403 359 2460 cillarum
383 2403 628 2476 hereditariarurn,
656 2416 704 2461 aut
723 2423 759 2461 ex
778 2404 837 2460 fetu
856 2421 989 2479 pecorum
1015 2412 1124 2458 tantum
1145 2421 1192 2458 ac-

237 2477 349 2533 cesserit
372 2475 540 2548 hereditati,
570 2489 614 2550 ut,
644 2490 753 2535 centum
781 2478 871 2533 aureis
898 2477 1052 2564 legatorum
1078 2477 1194 2531 nomine

237 2551 375 2624 erogatis,
405 2550 486 2605 heres
513 2563 639 2625 quartam
668 2561 775 2627 partem
795 2551 956 2607 hereditatis
977 2549 1123 2605 habiturus
1143 2551 1190 2617 sit,

236 2624 285 2680 sed
307 2640 419 2679 necesse
439 2631 496 2691 est,
523 2635 552 2678 ut
577 2625 754 2680 nihilominus
771 2635 870 2699 quarta
894 2643 958 2698 pars
977 2623 1076 2696 legatis
1097 2623 1193 2678 detra-

236 2699 326 2754 hatur.
363 2714 399 2752 ex
424 2696 554 2768 diverso,
582 2700 604 2753 si
630 2699 806 2773 septuaginta
833 2698 955 2773 quinque
982 2697 1133 2769 legaverit,
1165 2706 1191 2751 et

236 2783 302 2828 ante
321 2770 424 2827 aditam
444 2771 625 2827 hereditatem
646 2773 797 2828 intantum
817 2771 989 2826 decreverint
1008 2771 1079 2824 hona
1095 2770 1192 2824 incen-

234 2847 286 2902 diis
311 2845 402 2913 sorte,
428 2854 476 2900 aut
502 2844 670 2920 naufragiis,
696 2856 744 2900 aut
770 2857 858 2901 morte
885 2862 1047 2915 servorum,
1078 2853 1109 2897 ut
1136 2861 1190 2898 non

234 2919 352 2995 amplius
389 2937 471 2993 quarn
502 2919 679 2993 septuaginta
705 2919 826 2992 quinque
851 2936 999 2973 aureorum
1028 2917 1193 2982 substantia,

235 2993 277 3050 vel
304 2993 387 3049 etiarn
414 2992 518 3062 minus,
553 2993 743 3066 relinquatur,
771 2992 862 3058 solida¹
887 2991 979 3064 legata
1008 2990 1192 3059 detentore).

235 3083 287 3122 nec
306 3083 341 3121 ea
359 3083 404 3120 res
422 3064 556 3120 damnosa
574 3076 616 3120 est
636 3065 750 3138 heredi,
777 3066 821 3120 cui
841 3065 955 3120 liberum
975 3074 1093 3120 estnon
1114 3063 1193 3118 adire

234 3137 434 3196 hereditatem:
452 3155 525 3211 quae
544 3155 588 3194 res
607 3139 707 3211 efficit,
728 3150 758 3194 ut
776 3157 889 3194 necesse
909 3139 943 3194 sit
962 3137 1126 3212 legatariis,
1146 3155 1193 3201 ne,

227 3213 368 3270 destituto
395 3219 578 3282 testamento,
601 3212 668 3267 nihil
694 3222 917 3286 consequantur,
947 3229 1009 3268 cum
1032 3209 1138 3268 herede
1165 3211 1192 3264 in
1265 3231 1267 3250 t

290 3393 314 3443 a)
329 3399 352 3432 u.
367 3387 469 3442 omenta.
491 3406 518 3417 -
552 3386 577 3438 h)
592 3387 674 3430 ut..h.
687 3388 720 3440 pl.
734 3397 804 3440 posse
816 3388 933 3442 retinam
953 3397 977 3439 p.
993 3394 1015 3428 rc
1030 3386 1052 3428 lt.
1066 3394 1138 3439 posse
1150 3395 1193 3427 re·

235 3449 317 3492 tmere.
331 3465 360 3476 -
388 3446 410 3496 o)
425 3442 517 3486 uentm

265 3574 289 3624 2)
303 3573 394 3616 Auctor
408 3571 439 3615 ad
453 3571 590 3626 Herenni,
608 3568 644 3611 13.
667 3568 697 3611 l).
731 3566 794 3620 plan.
801 3569 820 3618 1,
829 3568 850 3612 2.
867 3589 895 3600 -
914 3566 938 3618 l)
953 3565 1001 3611 clo.
1015 3565 1033 3608 l.
1049 3574 1083 3618 ας
1097 3562 1192 3606 inver-

236 3629 267 3673 de
281 3629 348 3672 uero.
368 3625 447 3681 sigolt.
461 3627 494 3682 h,
511 3627 548 3671 16.
568 3627 585 3669 l.
602 3623 654 3668 ¹2⁰.
669 3645 698 3655 -
731 3633 781 3666 rem
795 3625 832 3676 11,
849 3625 875 3679 t,
892 3622 930 3666 ts.
945 3623 998 3675 ⁴³4
1020 3621 1051 3664 de
1065 3624 1154 3664 seneet
1167 3619 1190 3659 5.

236 3687 262 3736 3)
275 3685 352 3727 Varro
373 3685 402 3727 de
422 3683 474 3727 vite
494 3693 547 3735 pop.
568 3683 636 3724 nom.
655 3682 697 3724 111.
732 3680 799 3722 cass.
823 3680 866 3724 llio
886 3680 953 3733 LVI,
970 3679 1007 3723 to.
1028 3697 1057 3708 -
1085 3679 1109 3727 h)
1125 3677 1152 3718 t).
1167 3677 1189 3716 a.

239 3739 298 3792 ops.
320 3740 347 3782 r.
362 3742 380 3782 1.
400 3751 423 3792 p.
438 3738 491 3781 etv.
511 3749 547 3791 sq.
566 3737 619 3788 asp.
648 3735 697 3779 cro.
731 3736 840 3788 1.r.pr.
866 3757 893 3768 -
926 3735 998 3782 ain.
1018 3735 1043 3776 n.
1063 3732 1133 3777 nra.
1156 3732 1191 3773 rr.

238 3807 261 3848 p.
279 3795 352 3836 aaron
366 3796 389 3837 s.
419 3793 469 3836 car.
484 3793 525 3849 ιν,
541 3794 579 3835 ss.
594 3791 632 3835 rs.
652 3791 698 3835 tu-
731 3791 754 3842 s.
771 3791 791 3832 r.

1265 3831 1267 3840 r
