<?xml version="1.0" encoding="UTF-8"?>
<!DOCTYPE html PUBLIC "-//W3C//DTD XHTML 1.0 Transitional//EN"
    "http://www.w3.org/TR/xhtml1/DTD/xhtml1-transitional.dtd">
<html xmlns="http://www.w3.org/1999/xhtml" xml:lang="en" lang="en">
 <head>
  <title>
</title>
<meta http-equiv="Content-Type" content="text/html;charset=utf-8" />
  <meta name='ocr-system' content='tesseract 3.04.00' />
  <meta name='ocr-capabilities' content='ocr_page ocr_carea ocr_par ocr_line ocrx_word'/>
</head>
<body>
  <div class='ocr_page' id='page_1' title='image "./imperatorisjust00schrgoog_0117.png"; bbox 0 0 2548 4342; ppageno 0'>
   <div class='ocr_carea' id='block_1_1' title="bbox 219 325 1168 410">
    <p class='ocr_par' dir='ltr' id='par_1_1' title="bbox 219 325 1168 410">
     <span class='ocr_line' id='line_1_1' title="bbox 219 325 1168 410; baseline -0.002 -24"><span class='ocrx_word' id='word_1_1' title='bbox 219 325 281 388; x_wconf 83' lang='lat'>100</span> <span class='ocrx_word' id='word_1_2' title='bbox 321 325 469 385; x_wconf 83' lang='lat' dir='ltr'>lusrrrur.</span> <span class='ocrx_word' id='word_1_3' title='bbox 498 325 547 384; x_wconf 81' lang='lat' dir='ltr'>Da</span> <span class='ocrx_word' id='word_1_4' title='bbox 562 343 749 384; x_wconf 82' lang='lat' dir='ltr'>rrnarcouu.</span> <span class='ocrx_word' id='word_1_5' title='bbox 764 343 882 384; x_wconf 76' lang='lat' dir='ltr'>annun.</span> <span class='ocrx_word' id='word_1_6' title='bbox 896 325 939 395; x_wconf 88' lang='lat' dir='ltr'>ll,</span> <span class='ocrx_word' id='word_1_7' title='bbox 952 330 1002 388; x_wconf 77' lang='lat'>25.</span> <span class='ocrx_word' id='word_1_8' title='bbox 1022 326 1053 410; x_wconf 64' lang='grc' dir='ltr'>ξ.</span> <span class='ocrx_word' id='word_1_9' title='bbox 1064 334 1168 391; x_wconf 71' lang='lat'>2-5.</span> 
     </span>
    </p>
   </div>
   <div class='ocr_carea' id='block_1_2' title="bbox 142 473 1175 3348">
    <p class='ocr_par' dir='ltr' id='par_1_2' title="bbox 217 473 1172 603">
     <span class='ocr_line' id='line_1_2' title="bbox 217 473 1172 603; baseline 0.001 -73"><span class='ocrx_word' id='word_1_10' title='bbox 217 475 406 603; x_wconf 62' lang='lat' dir='ltr'>pommbsbl)</span> <span class='ocrx_word' id='word_1_11' title='bbox 432 477 473 534; x_wconf 86' lang='lat' dir='ltr'>ius</span> <span class='ocrx_word' id='word_1_12' title='bbox 498 477 619 547; x_wconf 86' lang='lat' dir='ltr'>diceret,</span> <span class='ocrx_word' id='word_1_13' title='bbox 643 493 726 558; x_wconf 67' lang='lat' dir='ltr'>quent</span> <span class='ocrx_word' id='word_1_14' title='bbox 743 473 1028 532; x_wconf 85' lang='lat' dir='ltr'>fideicommissariam</span> <span class='ocrx_word' id='word_1_15' title='bbox 1045 476 1172 551; x_wconf 85' lang='lat' dir='ltr'>appella·</span> 
     </span>
    </p>

    <p class='ocr_par' dir='ltr' id='par_1_3' title="bbox 237 558 335 606">
     <span class='ocr_line' id='line_1_3' title="bbox 237 558 335 606; baseline 0.02 -2"><span class='ocrx_word' id='word_1_16' title='bbox 237 558 285 604; x_wconf 88' lang='lat' dir='ltr'>ant</span> <span class='ocrx_word' id='word_1_17' title='bbox 326 589 335 606; x_wconf 92' lang='lat'>.</span> 
     </span>
    </p>

    <p class='ocr_par' dir='ltr' id='par_1_4' title="bbox 186 549 1175 1357">
     <span class='ocr_line' id='line_1_4' title="bbox 186 549 1172 697; baseline -0.002 -19"><span class='ocrx_word' id='word_1_18' title='bbox 186 633 203 678; x_wconf 74' lang='lat'>2</span> <span class='ocrx_word' id='word_1_19' title='bbox 272 549 420 697; x_wconf 71' lang='lat' dir='ltr'>ln)primis</span> <span class='ocrx_word' id='word_1_20' title='bbox 448 623 531 696; x_wconf 77' lang='lat' dir='ltr'>igitur</span> <span class='ocrx_word' id='word_1_21' title='bbox 555 621 696 678; x_wconf 87' lang='lat' dir='ltr'>sciendum</span> <span class='ocrx_word' id='word_1_22' title='bbox 722 632 787 695; x_wconf 82' lang='lat' dir='ltr'>est,</span> <span class='ocrx_word' id='word_1_23' title='bbox 816 639 886 694; x_wconf 85' lang='lat' dir='ltr'>opus</span> <span class='ocrx_word' id='word_1_24' title='bbox 914 639 991 693; x_wconf 87' lang='lat' dir='ltr'>esse,</span> <span class='ocrx_word' id='word_1_25' title='bbox 1018 631 1050 676; x_wconf 90' lang='lat' dir='ltr'>ut</span> <span class='ocrx_word' id='word_1_26' title='bbox 1075 622 1172 697; x_wconf 82' lang='lat' dir='ltr'>aliquis</span> 
     </span>
     <span class='ocr_line' id='line_1_5' title="bbox 216 695 1173 769; baseline -0.001 -19"><span class='ocrx_word' id='word_1_27' title='bbox 216 705 293 751; x_wconf 88' lang='lat' dir='ltr'>recto</span> <span class='ocrx_word' id='word_1_28' title='bbox 313 697 374 754; x_wconf 87' lang='lat' dir='ltr'>iure</span> <span class='ocrx_word' id='word_1_29' title='bbox 394 706 559 752; x_wconf 84' lang='lat' dir='ltr'>testamento</span> <span class='ocrx_word' id='word_1_30' title='bbox 579 696 662 752; x_wconf 86' lang='lat' dir='ltr'>heres</span> <span class='ocrx_word' id='word_1_31' title='bbox 677 696 850 765; x_wconf 76' lang='lat' dir='ltr'>instituatur,</span> <span class='ocrx_word' id='word_1_32' title='bbox 872 696 987 769; x_wconf 87' lang='lat' dir='ltr'>eiusque</span> <span class='ocrx_word' id='word_1_33' title='bbox 1008 695 1078 752; x_wconf 87' lang='lat' dir='ltr'>fidei</span> <span class='ocrx_word' id='word_1_34' title='bbox 1097 715 1173 752; x_wconf 87' lang='lat' dir='ltr'>eom-</span> 
     </span>
     <span class='ocr_line' id='line_1_6' title="bbox 213 769 1172 844; baseline 0.001 -20"><span class='ocrx_word' id='word_1_35' title='bbox 213 770 355 839; x_wconf 90' lang='lat' dir='ltr'>mittatur,</span> <span class='ocrx_word' id='word_1_36' title='bbox 377 780 405 824; x_wconf 93' lang='lat' dir='ltr'>ut</span> <span class='ocrx_word' id='word_1_37' title='bbox 424 787 485 824; x_wconf 88' lang='lat' dir='ltr'>eam</span> <span class='ocrx_word' id='word_1_38' title='bbox 506 769 689 826; x_wconf 82' lang='lat' dir='ltr'>hereditatem</span> <span class='ocrx_word' id='word_1_39' title='bbox 713 769 758 824; x_wconf 88' lang='lat' dir='ltr'>alii</span> <span class='ocrx_word' id='word_1_40' title='bbox 774 769 916 826; x_wconf 87' lang='lat' dir='ltr'>restituat:</span> <span class='ocrx_word' id='word_1_41' title='bbox 938 769 1060 844; x_wconf 89' lang='lat' dir='ltr'>alioqum</span> <span class='ocrx_word' id='word_1_42' title='bbox 1074 770 1172 825; x_wconf 85' lang='lat' dir='ltr'>inutile</span> 
     </span>
     <span class='ocr_line' id='line_1_7' title="bbox 214 843 1174 918; baseline -0.001 -21"><span class='ocrx_word' id='word_1_43' title='bbox 214 855 258 897; x_wconf 89' lang='lat' dir='ltr'>est</span> <span class='ocrx_word' id='word_1_44' title='bbox 278 853 488 910; x_wconf 83' lang='lat' dir='ltr'>testamentum,</span> <span class='ocrx_word' id='word_1_45' title='bbox 514 844 619 918; x_wconf 86' lang='lat' dir='ltr'>inquo</span> <span class='ocrx_word' id='word_1_46' title='bbox 641 861 723 898; x_wconf 89' lang='lat' dir='ltr'>nemo</span> <span class='ocrx_word' id='word_1_47' title='bbox 743 843 824 899; x_wconf 89' lang='lat' dir='ltr'>heres</span> <span class='ocrx_word' id='word_1_48' title='bbox 843 843 1000 898; x_wconf 78' lang='lat' dir='ltr'>instituitur.</span> <span class='ocrx_word' id='word_1_49' title='bbox 1039 863 1103 900; x_wconf 92' lang='lat' dir='ltr'>cum</span> <span class='ocrx_word' id='word_1_50' title='bbox 1121 843 1174 916; x_wconf 84' lang='lat' dir='ltr'>igi-</span> 
     </span>
     <span class='ocr_line' id='line_1_8' title="bbox 214 915 1172 991; baseline 0.004 -23"><span class='ocrx_word' id='word_1_51' title='bbox 214 927 261 970; x_wconf 90' lang='lat' dir='ltr'>tur</span> <span class='ocrx_word' id='word_1_52' title='bbox 280 915 378 989; x_wconf 88' lang='lat' dir='ltr'>aliquis</span> <span class='ocrx_word' id='word_1_53' title='bbox 397 916 551 989; x_wconf 77' lang='lat' dir='ltr'>scripserit,</span> <span class='ocrx_word' id='word_1_54' title='bbox 578 919 679 974; x_wconf 72' lang='lat' dir='ltr'>Larcius</span> <span class='ocrx_word' id='word_1_55' title='bbox 700 918 787 974; x_wconf 83' lang='lat' dir='ltr'>&#39;Pilius</span> <span class='ocrx_word' id='word_1_56' title='bbox 805 915 880 972; x_wconf 77' lang='lat' dir='ltr'>lieres</span> <span class='ocrx_word' id='word_1_57' title='bbox 898 923 969 973; x_wconf 83' lang='lat' dir='ltr'>calo:</span> <span class='ocrx_word' id='word_1_58' title='bbox 997 919 1104 991; x_wconf 87' lang='lat' dir='ltr'>poterit</span> <span class='ocrx_word' id='word_1_59' title='bbox 1123 916 1172 972; x_wconf 89' lang='lat' dir='ltr'>ad-</span> 
     </span>
     <span class='ocr_line' id='line_1_9' title="bbox 213 989 1174 1118; baseline 0.005 -76"><span class='ocrx_word' id='word_1_60' title='bbox 213 989 320 1058; x_wconf 87' lang='lat' dir='ltr'>iicere,</span> <span class='ocrx_word' id='word_1_61' title='bbox 348 1005 410 1062; x_wconf 67' lang='lat' dir='ltr'>rogo</span> <span class='ocrx_word' id='word_1_62' title='bbox 431 996 471 1056; x_wconf 82' lang='lat' dir='ltr'>lc,</span> <span class='ocrx_word' id='word_1_63' title='bbox 496 993 564 1048; x_wconf 83' lang='lat' dir='ltr'>Luci</span> <span class='ocrx_word' id='word_1_64' title='bbox 584 993 654 1060; x_wconf 76' lang='lat' dir='ltr'>Titi,</span> <span class='ocrx_word' id='word_1_65' title='bbox 682 997 727 1057; x_wconf 83' lang='lat' dir='ltr'>ut,</span> <span class='ocrx_word' id='word_1_66' title='bbox 753 991 945 1118; x_wconf 75' lang='lat' dir='ltr'>cumprimum</span> <span class='ocrx_word' id='word_1_67' title='bbox 964 1008 1051 1062; x_wconf 75' lang='lat' dir='ltr'>possis</span> <span class='ocrx_word' id='word_1_68' title='bbox 1070 989 1174 1046; x_wconf 77' lang='lat' dir='ltr'>beredi-</span> 
     </span>
     <span class='ocr_line' id='line_1_10' title="bbox 213 1061 1175 1138; baseline -0.001 -21"><span class='ocrx_word' id='word_1_69' title='bbox 213 1068 296 1118; x_wconf 81' lang='lat' dir='ltr'>tatem</span> <span class='ocrx_word' id='word_1_70' title='bbox 321 1080 408 1118; x_wconf 83' lang='lat' dir='ltr'>mecm</span> <span class='ocrx_word' id='word_1_71' title='bbox 433 1061 521 1136; x_wconf 81' lang='lat' dir='ltr'>adiro,</span> <span class='ocrx_word' id='word_1_72' title='bbox 547 1082 606 1122; x_wconf 83' lang='lat' dir='ltr'>eum</span> <span class='ocrx_word' id='word_1_73' title='bbox 626 1064 691 1120; x_wconf 73' lang='lat' dir='ltr'>aaa</span> <span class='ocrx_word' id='word_1_74' title='bbox 710 1065 773 1120; x_wconf 80' lang='lat' dir='ltr'>Seio</span> <span class='ocrx_word' id='word_1_75' title='bbox 793 1081 822 1120; x_wconf 82' lang='lat' dir='ltr'>re</span> <span class='ocrx_word' id='word_1_76' title='bbox 838 1062 890 1118; x_wconf 85' lang='lat' dir='ltr'>dus</span> <span class='ocrx_word' id='word_1_77' title='bbox 910 1067 1042 1120; x_wconf 81' lang='lat' dir='ltr'>restituae.</span> <span class='ocrx_word' id='word_1_78' title='bbox 1083 1074 1175 1138; x_wconf 88' lang='lat' dir='ltr'>potest</span> 
     </span>
     <span class='ocr_line' id='line_1_11' title="bbox 214 1136 1174 1211; baseline 0.002 -21"><span class='ocrx_word' id='word_1_79' title='bbox 214 1147 308 1190; x_wconf 89' lang='lat' dir='ltr'>autem</span> <span class='ocrx_word' id='word_1_80' title='bbox 330 1137 445 1211; x_wconf 89' lang='lat' dir='ltr'>quisque</span> <span class='ocrx_word' id='word_1_81' title='bbox 465 1137 545 1192; x_wconf 87' lang='lat' dir='ltr'>etde</span> <span class='ocrx_word' id='word_1_82' title='bbox 566 1148 645 1211; x_wconf 90' lang='lat' dir='ltr'>parte</span> <span class='ocrx_word' id='word_1_83' title='bbox 666 1136 838 1192; x_wconf 86' lang='lat' dir='ltr'>restituenda</span> <span class='ocrx_word' id='word_1_84' title='bbox 858 1136 989 1190; x_wconf 83' lang='lat' dir='ltr'>heredem</span> <span class='ocrx_word' id='word_1_85' title='bbox 1008 1154 1130 1210; x_wconf 64' lang='lat' dir='ltr'>rogares</span> <span class='ocrx_word' id='word_1_86' title='bbox 1148 1147 1174 1192; x_wconf 88' lang='lat' dir='ltr'>et</span> 
     </span>
     <span class='ocr_line' id='line_1_12' title="bbox 213 1207 1174 1284; baseline 0.001 -21"><span class='ocrx_word' id='word_1_87' title='bbox 213 1208 331 1264; x_wconf 87' lang='lat' dir='ltr'>liberum</span> <span class='ocrx_word' id='word_1_88' title='bbox 349 1219 406 1280; x_wconf 88' lang='lat' dir='ltr'>est,</span> <span class='ocrx_word' id='word_1_89' title='bbox 430 1211 470 1266; x_wconf 87' lang='lat' dir='ltr'>vel</span> <span class='ocrx_word' id='word_1_90' title='bbox 492 1229 575 1284; x_wconf 90' lang='lat' dir='ltr'>pure,</span> <span class='ocrx_word' id='word_1_91' title='bbox 600 1209 641 1264; x_wconf 85' lang='lat' dir='ltr'>vel</span> <span class='ocrx_word' id='word_1_92' title='bbox 660 1211 710 1266; x_wconf 91' lang='lat' dir='ltr'>sub</span> <span class='ocrx_word' id='word_1_93' title='bbox 731 1207 893 1265; x_wconf 81' lang='lat' dir='ltr'>cdndicinne</span> <span class='ocrx_word' id='word_1_94' title='bbox 914 1209 1072 1284; x_wconf 84' lang='lat' dir='ltr'>relinquere</span> <span class='ocrx_word' id='word_1_95' title='bbox 1094 1210 1174 1268; x_wconf 86' lang='lat' dir='ltr'>fidei-</span> 
     </span>
     <span class='ocr_line' id='line_1_13' title="bbox 215 1279 729 1357; baseline 0 -19"><span class='ocrx_word' id='word_1_96' title='bbox 215 1285 406 1353; x_wconf 88' lang='lat' dir='ltr'>commissmn,</span> <span class='ocrx_word' id='word_1_97' title='bbox 426 1284 521 1340; x_wconf 82' lang='lat' dir='ltr'>velex</span> <span class='ocrx_word' id='word_1_98' title='bbox 540 1285 586 1338; x_wconf 87' lang='lat' dir='ltr'>die</span> <span class='ocrx_word' id='word_1_99' title='bbox 605 1279 729 1357; x_wconf 82' lang='lat' dir='ltr'>certo³).</span> 
     </span>
    </p>

    <p class='ocr_par' dir='ltr' id='par_1_5' title="bbox 183 1355 1175 1578">
     <span class='ocr_line' id='line_1_14' title="bbox 184 1355 1175 1430; baseline -0.002 -18"><span class='ocrx_word' id='word_1_100' title='bbox 184 1363 203 1406; x_wconf 83' lang='lat'><strong>3</strong></span> <span class='ocrx_word' id='word_1_101' title='bbox 271 1356 407 1412; x_wconf 86' lang='lat' dir='ltr'>Restituta</span> <span class='ocrx_word' id='word_1_102' title='bbox 426 1367 519 1414; x_wconf 90' lang='lat' dir='ltr'>autem</span> <span class='ocrx_word' id='word_1_103' title='bbox 539 1357 712 1428; x_wconf 88' lang='lat' dir='ltr'>hereditate,</span> <span class='ocrx_word' id='word_1_104' title='bbox 739 1355 780 1424; x_wconf 85' lang='lat' dir='ltr'>is,</span> <span class='ocrx_word' id='word_1_105' title='bbox 803 1355 851 1430; x_wconf 90' lang='lat' dir='ltr'>qui</span> <span class='ocrx_word' id='word_1_106' title='bbox 872 1355 1005 1428; x_wconf 86' lang='lat' dir='ltr'>restituit,</span> <span class='ocrx_word' id='word_1_107' title='bbox 1032 1357 1175 1414; x_wconf 88' lang='lat' dir='ltr'>nihilomi-</span> 
     </span>
     <span class='ocr_line' id='line_1_15' title="bbox 214 1429 1174 1505; baseline 0 -21"><span class='ocrx_word' id='word_1_108' title='bbox 214 1449 266 1486; x_wconf 90' lang='lat' dir='ltr'>nus</span> <span class='ocrx_word' id='word_1_109' title='bbox 285 1430 367 1485; x_wconf 90' lang='lat' dir='ltr'>heres</span> <span class='ocrx_word' id='word_1_110' title='bbox 386 1441 548 1503; x_wconf 69' lang='lat' dir='ltr'>permanet,</span> <span class='ocrx_word' id='word_1_111' title='bbox 573 1431 596 1484; x_wconf 92' lang='lat' dir='ltr'>is</span> <span class='ocrx_word' id='word_1_112' title='bbox 615 1449 694 1501; x_wconf 84' lang='lat' dir='ltr'>vero,</span> <span class='ocrx_word' id='word_1_113' title='bbox 721 1431 768 1505; x_wconf 92' lang='lat' dir='ltr'>qui</span> <span class='ocrx_word' id='word_1_114' title='bbox 786 1429 884 1502; x_wconf 85' lang='lat' dir='ltr'>recipit</span> <span class='ocrx_word' id='word_1_115' title='bbox 903 1429 1107 1504; x_wconf 82' lang='lat' dir='ltr'>hereditatem,</span> <span class='ocrx_word' id='word_1_116' title='bbox 1126 1431 1174 1487; x_wconf 88' lang='lat' dir='ltr'>ali-</span> 
     </span>
     <span class='ocr_line' id='line_1_16' title="bbox 183 1501 1174 1578; baseline 0 -20"><span class='ocrx_word' id='word_1_117' title='bbox 183 1504 327 1578; x_wconf 65' lang='lat' dir='ltr'>equando</span> <span class='ocrx_word' id='word_1_118' title='bbox 344 1503 471 1574; x_wconf 89' lang='lat' dir='ltr'>heredis,</span> <span class='ocrx_word' id='word_1_119' title='bbox 492 1503 641 1578; x_wconf 89' lang='lat' dir='ltr'>aliquando</span> <span class='ocrx_word' id='word_1_120' title='bbox 660 1503 785 1578; x_wconf 85' lang='lat' dir='ltr'>legatarii</span> <span class='ocrx_word' id='word_1_121' title='bbox 807 1503 867 1556; x_wconf 93' lang='lat' dir='ltr'>loco</span> <span class='ocrx_word' id='word_1_122' title='bbox 890 1501 1096 1576; x_wconf 71' lang='lat' dir='ltr'>trahebatur-⁴).</span> <span class='ocrx_word' id='word_1_123' title='bbox 1141 1505 1174 1559; x_wconf 86' lang='lat' dir='ltr'>Et</span> 
     </span>
    </p>

    <p class='ocr_par' dir='ltr' id='par_1_6' title="bbox 142 1575 1175 2168">
     <span class='ocr_line' id='line_1_17' title="bbox 142 1575 1173 1652; baseline 0 -20"><span class='ocrx_word' id='word_1_124' title='bbox 142 1577 148 1587; x_wconf 86' lang='lat'><em>&#39;</em></span> <span class='ocrx_word' id='word_1_125' title='bbox 214 1579 243 1632; x_wconf 88' lang='lat' dir='ltr'>iu</span> <span class='ocrx_word' id='word_1_126' title='bbox 265 1577 387 1632; x_wconf 88' lang='lat' dir='ltr'>Neronis</span> <span class='ocrx_word' id='word_1_127' title='bbox 413 1577 524 1651; x_wconf 86' lang='lat' dir='ltr'>quidem</span> <span class='ocrx_word' id='word_1_128' title='bbox 546 1578 733 1652; x_wconf 85' lang='lat' dir='ltr'>temporibus,</span> <span class='ocrx_word' id='word_1_129' title='bbox 758 1576 901 1632; x_wconf 78' lang='lat' dir='ltr'>Trebellio</span> <span class='ocrx_word' id='word_1_130' title='bbox 920 1575 1045 1632; x_wconf 78' lang='lat' dir='ltr'>Maximo</span> <span class='ocrx_word' id='word_1_131' title='bbox 1070 1589 1101 1634; x_wconf 90' lang='lat' dir='ltr'>et</span> <span class='ocrx_word' id='word_1_132' title='bbox 1119 1581 1173 1632; x_wconf 79' lang='lat' dir='ltr'>An-</span> 
     </span>
     <span class='ocr_line' id='line_1_18' title="bbox 214 1650 1172 1726; baseline -0.001 -20"><span class='ocrx_word' id='word_1_133' title='bbox 214 1668 286 1726; x_wconf 77' lang='lat' dir='ltr'>naeo</span> <span class='ocrx_word' id='word_1_134' title='bbox 322 1650 432 1706; x_wconf 89' lang='lat' dir='ltr'>Seneca</span> <span class='ocrx_word' id='word_1_135' title='bbox 465 1651 642 1724; x_wconf 90' lang='lat' dir='ltr'>consulibus,</span> <span class='ocrx_word' id='word_1_136' title='bbox 680 1651 948 1706; x_wconf 79' lang='lat' dir='ltr'>senatusconsultum</span> <span class='ocrx_word' id='word_1_137' title='bbox 980 1651 1089 1707; x_wconf 84' lang='lat' dir='ltr'>factum</span> <span class='ocrx_word' id='word_1_138' title='bbox 1121 1662 1172 1722; x_wconf 88' lang='lat' dir='ltr'>est,</span> 
     </span>
     <span class='ocr_line' id='line_1_19' title="bbox 213 1723 1174 1799; baseline 0 -21"><span class='ocrx_word' id='word_1_139' title='bbox 213 1743 271 1799; x_wconf 84' lang='lat' dir='ltr'>quo</span> <span class='ocrx_word' id='word_1_140' title='bbox 297 1734 409 1778; x_wconf 89' lang='lat' dir='ltr'>cautum</span> <span class='ocrx_word' id='word_1_141' title='bbox 436 1735 499 1796; x_wconf 86' lang='lat' dir='ltr'>est,</span> <span class='ocrx_word' id='word_1_142' title='bbox 527 1735 572 1793; x_wconf 92' lang='lat' dir='ltr'>ut,</span> <span class='ocrx_word' id='word_1_143' title='bbox 598 1725 621 1779; x_wconf 88' lang='lat' dir='ltr'>si</span> <span class='ocrx_word' id='word_1_144' title='bbox 646 1724 786 1780; x_wconf 87' lang='lat' dir='ltr'>hereditas</span> <span class='ocrx_word' id='word_1_145' title='bbox 805 1742 841 1778; x_wconf 84' lang='lat' dir='ltr'>ex</span> <span class='ocrx_word' id='word_1_146' title='bbox 866 1723 1074 1780; x_wconf 88' lang='lat' dir='ltr'>fideicommissi</span> <span class='ocrx_word' id='word_1_147' title='bbox 1095 1743 1174 1782; x_wconf 86' lang='lat' dir='ltr'>causa</span> 
     </span>
     <span class='ocr_line' id='line_1_20' title="bbox 214 1797 1174 1884; baseline -0.002 -32"><span class='ocrx_word' id='word_1_148' title='bbox 214 1799 342 1853; x_wconf 85' lang='lat' dir='ltr'>restituta</span> <span class='ocrx_word' id='word_1_149' title='bbox 367 1799 419 1866; x_wconf 87' lang='lat' dir='ltr'>sit,</span> <span class='ocrx_word' id='word_1_150' title='bbox 451 1818 546 1855; x_wconf 87' lang='lat' dir='ltr'>omues</span> <span class='ocrx_word' id='word_1_151' title='bbox 573 1799 715 1866; x_wconf 81' lang='lat' dir='ltr'>actiones,</span> <span class='ocrx_word' id='word_1_152' title='bbox 743 1815 815 1884; x_wconf 77' lang='lat' dir='ltr'>quae</span> <span class='ocrx_word' id='word_1_153' title='bbox 840 1797 900 1853; x_wconf 90' lang='lat' dir='ltr'>iure</span> <span class='ocrx_word' id='word_1_154' title='bbox 926 1797 997 1852; x_wconf 88' lang='lat' dir='ltr'>civili</span> <span class='ocrx_word' id='word_1_155' title='bbox 1023 1798 1124 1854; x_wconf 86' lang='lat' dir='ltr'>heredi</span> <span class='ocrx_word' id='word_1_156' title='bbox 1149 1811 1174 1852; x_wconf 89' lang='lat' dir='ltr'>et</span> 
     </span>
     <span class='ocr_line' id='line_1_21' title="bbox 213 1871 1173 1949; baseline 0 -23"><span class='ocrx_word' id='word_1_157' title='bbox 213 1873 242 1926; x_wconf 90' lang='lat' dir='ltr'>in</span> <span class='ocrx_word' id='word_1_158' title='bbox 262 1871 394 1928; x_wconf 88' lang='lat' dir='ltr'>heredem</span> <span class='ocrx_word' id='word_1_159' title='bbox 413 1883 616 1949; x_wconf 85' lang='lat' dir='ltr'>competerent,</span> <span class='ocrx_word' id='word_1_160' title='bbox 644 1873 670 1927; x_wconf 91' lang='lat' dir='ltr'>ei</span> <span class='ocrx_word' id='word_1_161' title='bbox 696 1881 724 1926; x_wconf 89' lang='lat' dir='ltr'>et</span> <span class='ocrx_word' id='word_1_162' title='bbox 749 1890 778 1925; x_wconf 89' lang='lat' dir='ltr'>ro</span> <span class='ocrx_word' id='word_1_163' title='bbox 805 1888 868 1926; x_wconf 89' lang='lat' dir='ltr'>eum</span> <span class='ocrx_word' id='word_1_164' title='bbox 895 1871 1045 1943; x_wconf 87' lang='lat' dir='ltr'>darentur,</span> <span class='ocrx_word' id='word_1_165' title='bbox 1076 1875 1122 1928; x_wconf 93' lang='lat' dir='ltr'>cui</span> <span class='ocrx_word' id='word_1_166' title='bbox 1141 1890 1173 1927; x_wconf 79' lang='lat' dir='ltr'>ex</span> 
     </span>
     <span class='ocr_line' id='line_1_22' title="bbox 213 1943 1175 2020; baseline 0.002 -20"><span class='ocrx_word' id='word_1_167' title='bbox 213 1945 427 2002; x_wconf 85' lang='lat' dir='ltr'>fideicommissa</span> <span class='ocrx_word' id='word_1_168' title='bbox 455 1948 580 2003; x_wconf 86' lang='lat' dir='ltr'>restituta</span> <span class='ocrx_word' id='word_1_169' title='bbox 606 1955 679 2001; x_wconf 87' lang='lat' dir='ltr'>esset</span> <span class='ocrx_word' id='word_1_170' title='bbox 703 1943 853 2000; x_wconf 87' lang='lat' dir='ltr'>hereditas.</span> <span class='ocrx_word' id='word_1_171' title='bbox 896 1943 964 2000; x_wconf 91' lang='lat' dir='ltr'>Post</span> <span class='ocrx_word' id='word_1_172' title='bbox 989 1945 1064 2020; x_wconf 91' lang='lat' dir='ltr'>quod</span> <span class='ocrx_word' id='word_1_173' title='bbox 1094 1965 1175 2002; x_wconf 88' lang='lat' dir='ltr'>sena-</span> 
     </span>
     <span class='ocr_line' id='line_1_23' title="bbox 212 2018 1174 2096; baseline 0 -23"><span class='ocrx_word' id='word_1_174' title='bbox 212 2020 412 2076; x_wconf 89' lang='lat' dir='ltr'>tusconsultum</span> <span class='ocrx_word' id='word_1_175' title='bbox 441 2032 554 2086; x_wconf 82' lang='lat' dir='ltr'>praetor</span> <span class='ocrx_word' id='word_1_176' title='bbox 587 2020 665 2074; x_wconf 88' lang='lat' dir='ltr'>utiles</span> <span class='ocrx_word' id='word_1_177' title='bbox 699 2018 820 2073; x_wconf 80' lang='lat' dir='ltr'>actiones</span> <span class='ocrx_word' id='word_1_178' title='bbox 848 2018 874 2073; x_wconf 90' lang='lat' dir='ltr'>ei</span> <span class='ocrx_word' id='word_1_179' title='bbox 900 2029 929 2073; x_wconf 92' lang='lat' dir='ltr'>et</span> <span class='ocrx_word' id='word_1_180' title='bbox 954 2019 981 2074; x_wconf 91' lang='lat' dir='ltr'>in</span> <span class='ocrx_word' id='word_1_181' title='bbox 1009 2039 1094 2096; x_wconf 89' lang='lat' dir='ltr'>eum,</span> <span class='ocrx_word' id='word_1_182' title='bbox 1130 2019 1174 2095; x_wconf 88' lang='lat' dir='ltr'>qui</span> 
     </span>
     <span class='ocr_line' id='line_1_24' title="bbox 214 2091 1174 2168; baseline 0.001 -21"><span class='ocrx_word' id='word_1_183' title='bbox 214 2094 320 2168; x_wconf 90' lang='lat' dir='ltr'>recepit</span> <span class='ocrx_word' id='word_1_184' title='bbox 352 2093 552 2164; x_wconf 87' lang='lat' dir='ltr'>hereditatem,</span> <span class='ocrx_word' id='word_1_185' title='bbox 586 2093 665 2168; x_wconf 88' lang='lat' dir='ltr'>quasi</span> <span class='ocrx_word' id='word_1_186' title='bbox 699 2091 795 2148; x_wconf 89' lang='lat' dir='ltr'>heredi</span> <span class='ocrx_word' id='word_1_187' title='bbox 825 2100 854 2146; x_wconf 90' lang='lat' dir='ltr'>et</span> <span class='ocrx_word' id='word_1_188' title='bbox 886 2091 915 2147; x_wconf 93' lang='lat' dir='ltr'>in</span> <span class='ocrx_word' id='word_1_189' title='bbox 943 2092 1078 2149; x_wconf 89' lang='lat' dir='ltr'>heredem</span> <span class='ocrx_word' id='word_1_190' title='bbox 1110 2094 1174 2150; x_wconf 87' lang='lat' dir='ltr'>dare</span> 
     </span>
    </p>

    <p class='ocr_par' dir='ltr' id='par_1_7' title="bbox 184 2165 1174 3348">
     <span class='ocr_line' id='line_1_25' title="bbox 184 2165 1173 2242; baseline 0.002 -24"><span class='ocrx_word' id='word_1_191' title='bbox 184 2168 356 2242; x_wconf 50' lang='lat' dir='ltr'>accepist).</span> <span class='ocrx_word' id='word_1_192' title='bbox 412 2169 442 2240; x_wconf 73' lang='lat'>⁶)</span> <span class='ocrx_word' id='word_1_193' title='bbox 452 2169 508 2223; x_wconf 87' lang='lat' dir='ltr'>Sed</span> <span class='ocrx_word' id='word_1_194' title='bbox 535 2168 600 2242; x_wconf 90' lang='lat' dir='ltr'>quia</span> <span class='ocrx_word' id='word_1_195' title='bbox 625 2165 744 2222; x_wconf 89' lang='lat' dir='ltr'>heredes</span> <span class='ocrx_word' id='word_1_196' title='bbox 771 2165 886 2239; x_wconf 83' lang='lat' dir='ltr'>scripti,</span> <span class='ocrx_word' id='word_1_197' title='bbox 925 2185 986 2222; x_wconf 91' lang='lat' dir='ltr'>cum</span> <span class='ocrx_word' id='word_1_198' title='bbox 1013 2177 1061 2224; x_wconf 87' lang='lat' dir='ltr'>aut</span> <span class='ocrx_word' id='word_1_199' title='bbox 1090 2177 1173 2224; x_wconf 88' lang='lat' dir='ltr'>totam</span> 
     </span>
     <span class='ocr_line' id='line_1_26' title="bbox 213 2239 1173 2314; baseline 0 -18"><span class='ocrx_word' id='word_1_200' title='bbox 213 2241 414 2308; x_wconf 82' lang='lat' dir='ltr'>hereditatem,</span> <span class='ocrx_word' id='word_1_201' title='bbox 450 2251 498 2295; x_wconf 82' lang='lat' dir='ltr'>aut</span> <span class='ocrx_word' id='word_1_202' title='bbox 531 2259 622 2314; x_wconf 87' lang='lat' dir='ltr'>paene</span> <span class='ocrx_word' id='word_1_203' title='bbox 649 2251 735 2295; x_wconf 91' lang='lat' dir='ltr'>totam</span> <span class='ocrx_word' id='word_1_204' title='bbox 761 2239 925 2314; x_wconf 88' lang='lat' dir='ltr'>plerumque</span> <span class='ocrx_word' id='word_1_205' title='bbox 951 2241 1099 2298; x_wconf 87' lang='lat' dir='ltr'>restituere</span> <span class='ocrx_word' id='word_1_206' title='bbox 1129 2261 1173 2296; x_wconf 84' lang='lat' dir='ltr'>rn-</span> 
     </span>
     <span class='ocr_line' id='line_1_27' title="bbox 213 2312 1172 2388; baseline -0.003 -18"><span class='ocrx_word' id='word_1_207' title='bbox 213 2317 373 2388; x_wconf 82' lang='lat' dir='ltr'>gabantur‚</span> <span class='ocrx_word' id='word_1_208' title='bbox 411 2313 488 2368; x_wconf 89' lang='lat' dir='ltr'>adire</span> <span class='ocrx_word' id='word_1_209' title='bbox 523 2313 705 2369; x_wconf 88' lang='lat' dir='ltr'>hereditatem</span> <span class='ocrx_word' id='word_1_210' title='bbox 741 2313 777 2367; x_wconf 93' lang='lat' dir='ltr'>ob</span> <span class='ocrx_word' id='word_1_211' title='bbox 812 2312 915 2368; x_wconf 91' lang='lat' dir='ltr'>nullum</span> <span class='ocrx_word' id='word_1_212' title='bbox 951 2324 999 2369; x_wconf 90' lang='lat' dir='ltr'>aut</span> <span class='ocrx_word' id='word_1_213' title='bbox 1030 2316 1172 2370; x_wconf 87' lang='lat' dir='ltr'>minimum</span> 
     </span>
     <span class='ocr_line' id='line_1_28' title="bbox 213 2387 1173 2462; baseline 0 -20"><span class='ocrx_word' id='word_1_214' title='bbox 213 2389 317 2442; x_wconf 89' lang='lat' dir='ltr'>lucrum</span> <span class='ocrx_word' id='word_1_215' title='bbox 350 2389 536 2456; x_wconf 87' lang='lat' dir='ltr'>recusabant,</span> <span class='ocrx_word' id='word_1_216' title='bbox 573 2399 656 2460; x_wconf 87' lang='lat' dir='ltr'>atque</span> <span class='ocrx_word' id='word_1_217' title='bbox 691 2388 727 2442; x_wconf 90' lang='lat' dir='ltr'>ob</span> <span class='ocrx_word' id='word_1_218' title='bbox 759 2387 786 2441; x_wconf 89' lang='lat' dir='ltr'>id</span> <span class='ocrx_word' id='word_1_219' title='bbox 824 2387 1060 2462; x_wconf 82' lang='lat' dir='ltr'>extinguebantur</span> <span class='ocrx_word' id='word_1_220' title='bbox 1095 2389 1173 2444; x_wconf 83' lang='lat' dir='ltr'>fidei-</span> 
     </span>
     <span class='ocr_line' id='line_1_29' title="bbox 212 2461 1173 2538; baseline -0.002 -22"><span class='ocrx_word' id='word_1_221' title='bbox 212 2462 376 2517; x_wconf 83' lang='lat' dir='ltr'>commissa:</span> <span class='ocrx_word' id='word_1_222' title='bbox 407 2471 504 2535; x_wconf 88' lang='lat' dir='ltr'>postea</span> <span class='ocrx_word' id='word_1_223' title='bbox 524 2461 687 2536; x_wconf 87' lang='lat' dir='ltr'>Vespasiani</span> <span class='ocrx_word' id='word_1_224' title='bbox 709 2461 824 2533; x_wconf 84' lang='lat' dir='ltr'>Augusti</span> <span class='ocrx_word' id='word_1_225' title='bbox 851 2462 1037 2536; x_wconf 87' lang='lat' dir='ltr'>temporibus,</span> <span class='ocrx_word' id='word_1_226' title='bbox 1064 2461 1173 2538; x_wconf 84' lang='lat' dir='ltr'>Pegaso</span> 
     </span>
     <span class='ocr_line' id='line_1_30' title="bbox 213 2534 1174 2610; baseline 0 -20"><span class='ocrx_word' id='word_1_227' title='bbox 213 2545 243 2590; x_wconf 90' lang='lat' dir='ltr'>et</span> <span class='ocrx_word' id='word_1_228' title='bbox 269 2534 388 2588; x_wconf 90' lang='lat' dir='ltr'>Pusione</span> <span class='ocrx_word' id='word_1_229' title='bbox 416 2535 590 2601; x_wconf 88' lang='lat' dir='ltr'>consulibus,</span> <span class='ocrx_word' id='word_1_230' title='bbox 622 2543 734 2588; x_wconf 85' lang='lat' dir='ltr'>senatus</span> <span class='ocrx_word' id='word_1_231' title='bbox 760 2534 887 2604; x_wconf 77' lang='lat' dir='ltr'>censuit,</span> <span class='ocrx_word' id='word_1_232' title='bbox 922 2545 951 2589; x_wconf 92' lang='lat' dir='ltr'>ut</span> <span class='ocrx_word' id='word_1_233' title='bbox 977 2537 1022 2603; x_wconf 90' lang='lat' dir='ltr'>ei,</span> <span class='ocrx_word' id='word_1_234' title='bbox 1054 2537 1103 2610; x_wconf 90' lang='lat' dir='ltr'>qui</span> <span class='ocrx_word' id='word_1_235' title='bbox 1130 2555 1174 2590; x_wconf 90' lang='lat' dir='ltr'>rn-</span> 
     </span>
     <span class='ocr_line' id='line_1_31' title="bbox 204 2607 1174 2684; baseline 0 -22"><span class='ocrx_word' id='word_1_236' title='bbox 204 2617 294 2684; x_wconf 60' lang='lat' dir='ltr'>‚gatus</span> <span class='ocrx_word' id='word_1_237' title='bbox 319 2618 391 2662; x_wconf 90' lang='lat' dir='ltr'>esset</span> <span class='ocrx_word' id='word_1_238' title='bbox 416 2607 599 2664; x_wconf 87' lang='lat' dir='ltr'>hereditatem</span> <span class='ocrx_word' id='word_1_239' title='bbox 627 2607 794 2677; x_wconf 82' lang='lat' dir='ltr'>restituere,</span> <span class='ocrx_word' id='word_1_240' title='bbox 824 2609 940 2680; x_wconf 88' lang='lat' dir='ltr'>perinde</span> <span class='ocrx_word' id='word_1_241' title='bbox 967 2609 1061 2664; x_wconf 89' lang='lat' dir='ltr'>liceret</span> <span class='ocrx_word' id='word_1_242' title='bbox 1090 2627 1174 2684; x_wconf 89' lang='lat' dir='ltr'>quar-</span> 
     </span>
     <span class='ocr_line' id='line_1_32' title="bbox 213 2681 1174 2756; baseline -0.001 -18"><span class='ocrx_word' id='word_1_243' title='bbox 213 2694 269 2738; x_wconf 85' lang='lat' dir='ltr'>tam</span> <span class='ocrx_word' id='word_1_244' title='bbox 289 2691 397 2756; x_wconf 87' lang='lat' dir='ltr'>partem</span> <span class='ocrx_word' id='word_1_245' title='bbox 419 2684 554 2754; x_wconf 78' lang='lat' dir='ltr'>retinere,</span> <span class='ocrx_word' id='word_1_246' title='bbox 578 2695 661 2756; x_wconf 85' lang='lat' dir='ltr'>atque</span> <span class='ocrx_word' id='word_1_247' title='bbox 681 2699 717 2736; x_wconf 83' lang='lat' dir='ltr'>ex</span> <span class='ocrx_word' id='word_1_248' title='bbox 737 2682 798 2754; x_wconf 87' lang='lat' dir='ltr'>lege</span> <span class='ocrx_word' id='word_1_249' title='bbox 819 2681 942 2737; x_wconf 84' lang='lat' dir='ltr'>Falcidia</span> <span class='ocrx_word' id='word_1_250' title='bbox 962 2683 989 2737; x_wconf 90' lang='lat' dir='ltr'>in</span> <span class='ocrx_word' id='word_1_251' title='bbox 1009 2682 1112 2756; x_wconf 86' lang='lat' dir='ltr'>legatis</span> <span class='ocrx_word' id='word_1_252' title='bbox 1131 2701 1174 2737; x_wconf 87' lang='lat' dir='ltr'>re-</span> 
     </span>
     <span class='ocr_line' id='line_1_33' title="bbox 212 2755 1174 2882; baseline -0.001 -72"><span class='ocrx_word' id='word_1_253' title='bbox 212 2757 301 2812; x_wconf 89' lang='lat' dir='ltr'>tinere</span> <span class='ocrx_word' id='word_1_254' title='bbox 330 2757 501 2814; x_wconf 88' lang='lat' dir='ltr'>conceditur.</span> <span class='ocrx_word' id='word_1_255' title='bbox 539 2775 574 2812; x_wconf 80' lang='lat' dir='ltr'>ex</span> <span class='ocrx_word' id='word_1_256' title='bbox 607 2755 720 2829; x_wconf 82' lang='lat' dir='ltr'>singulis</span> <span class='ocrx_word' id='word_1_257' title='bbox 745 2773 859 2882; x_wconf 65' lang='lat' dir='ltr'>puoque</span> <span class='ocrx_word' id='word_1_258' title='bbox 888 2758 986 2828; x_wconf 86' lang='lat' dir='ltr'>rebus,</span> <span class='ocrx_word' id='word_1_259' title='bbox 1019 2775 1094 2830; x_wconf 89' lang='lat' dir='ltr'>quae</span> <span class='ocrx_word' id='word_1_260' title='bbox 1127 2775 1174 2831; x_wconf 78' lang='lat' dir='ltr'>per</span> 
     </span>
     <span class='ocr_line' id='line_1_34' title="bbox 212 2830 1173 2906; baseline -0.003 -22"><span class='ocrx_word' id='word_1_261' title='bbox 212 2830 453 2887; x_wconf 84' lang='lat' dir='ltr'>fideicommissum</span> <span class='ocrx_word' id='word_1_262' title='bbox 476 2831 667 2906; x_wconf 88' lang='lat' dir='ltr'>relinquuntur</span> <span class='ocrx_word' id='word_1_263' title='bbox 675 2871 683 2896; x_wconf 93' lang='lat'>,</span> <span class='ocrx_word' id='word_1_264' title='bbox 709 2845 742 2883; x_wconf 89' lang='lat' dir='ltr'>ea</span> <span class='ocrx_word' id='word_1_265' title='bbox 764 2847 807 2884; x_wconf 91' lang='lat' dir='ltr'>em</span> <span class='ocrx_word' id='word_1_266' title='bbox 832 2831 949 2885; x_wconf 90' lang='lat' dir='ltr'>retentio</span> <span class='ocrx_word' id='word_1_267' title='bbox 970 2832 1105 2904; x_wconf 82' lang='lat' dir='ltr'>permissa</span> <span class='ocrx_word' id='word_1_268' title='bbox 1128 2842 1173 2886; x_wconf 88' lang='lat' dir='ltr'>est.</span> 
     </span>
     <span class='ocr_line' id='line_1_35' title="bbox 204 2900 1174 2980; baseline -0.001 -22"><span class='ocrx_word' id='word_1_269' title='bbox 204 2900 278 2959; x_wconf 85' lang='lat' dir='ltr'>&#39;Post</span> <span class='ocrx_word' id='word_1_270' title='bbox 304 2905 380 2980; x_wconf 89' lang='lat' dir='ltr'>quud</span> <span class='ocrx_word' id='word_1_271' title='bbox 408 2903 674 2960; x_wconf 87' lang='lat' dir='ltr'>senatusconsultum</span> <span class='ocrx_word' id='word_1_272' title='bbox 700 2902 760 2974; x_wconf 87' lang='lat' dir='ltr'>ipse</span> <span class='ocrx_word' id='word_1_273' title='bbox 785 2902 866 2956; x_wconf 92' lang='lat' dir='ltr'>heres</span> <span class='ocrx_word' id='word_1_274' title='bbox 891 2921 977 2958; x_wconf 85' lang='lat' dir='ltr'>onera</span> <span class='ocrx_word' id='word_1_275' title='bbox 1003 2903 1174 2959; x_wconf 85' lang='lat' dir='ltr'>hereditaria</span> 
     </span>
     <span class='ocr_line' id='line_1_36' title="bbox 212 2975 1173 3052; baseline -0.002 -20"><span class='ocrx_word' id='word_1_276' title='bbox 212 2979 383 3050; x_wconf 71' lang='lat' dir='ltr'>sustinebat,</span> <span class='ocrx_word' id='word_1_277' title='bbox 405 2979 449 3034; x_wconf 90' lang='lat' dir='ltr'>ille</span> <span class='ocrx_word' id='word_1_278' title='bbox 470 2989 581 3048; x_wconf 89' lang='lat' dir='ltr'>autem,</span> <span class='ocrx_word' id='word_1_279' title='bbox 600 2978 647 3051; x_wconf 84' lang='lat' dir='ltr'>qui</span> <span class='ocrx_word' id='word_1_280' title='bbox 664 2994 699 3030; x_wconf 87' lang='lat' dir='ltr'>ex</span> <span class='ocrx_word' id='word_1_281' title='bbox 714 2975 925 3032; x_wconf 90' lang='lat' dir='ltr'>fideicommisso</span> <span class='ocrx_word' id='word_1_282' title='bbox 944 2979 1049 3052; x_wconf 89' lang='lat' dir='ltr'>recepit</span> <span class='ocrx_word' id='word_1_283' title='bbox 1066 2991 1173 3051; x_wconf 87' lang='lat' dir='ltr'>partem</span> 
     </span>
     <span class='ocr_line' id='line_1_37' title="bbox 215 3049 1174 3128; baseline 0.002 -24"><span class='ocrx_word' id='word_1_284' title='bbox 215 3051 391 3121; x_wconf 87' lang='lat' dir='ltr'>hereditatis,</span> <span class='ocrx_word' id='word_1_285' title='bbox 420 3053 546 3126; x_wconf 85' lang='lat' dir='ltr'>legatarii</span> <span class='ocrx_word' id='word_1_286' title='bbox 571 3050 696 3126; x_wconf 87' lang='lat' dir='ltr'>partiarii</span> <span class='ocrx_word' id='word_1_287' title='bbox 716 3049 778 3105; x_wconf 93' lang='lat' dir='ltr'>loco</span> <span class='ocrx_word' id='word_1_288' title='bbox 800 3061 882 3122; x_wconf 82' lang='lat' dir='ltr'>erat,</span> <span class='ocrx_word' id='word_1_289' title='bbox 906 3051 994 3107; x_wconf 87' lang='lat' dir='ltr'>idest</span> <span class='ocrx_word' id='word_1_290' title='bbox 1014 3053 1074 3108; x_wconf 91' lang='lat' dir='ltr'>eius</span> <span class='ocrx_word' id='word_1_291' title='bbox 1095 3053 1174 3128; x_wconf 85' lang='lat' dir='ltr'>lega-</span> 
     </span>
     <span class='ocr_line' id='line_1_38' title="bbox 216 3124 1174 3201; baseline 0.001 -23"><span class='ocrx_word' id='word_1_292' title='bbox 216 3124 294 3195; x_wconf 88' lang='lat' dir='ltr'>tarii,</span> <span class='ocrx_word' id='word_1_293' title='bbox 315 3125 358 3178; x_wconf 90' lang='lat' dir='ltr'>cui</span> <span class='ocrx_word' id='word_1_294' title='bbox 378 3143 442 3197; x_wconf 90' lang='lat' dir='ltr'>pars</span> <span class='ocrx_word' id='word_1_295' title='bbox 463 3128 597 3182; x_wconf 86' lang='lat' dir='ltr'>bonorum</span> <span class='ocrx_word' id='word_1_296' title='bbox 617 3125 771 3198; x_wconf 82' lang='lat' dir='ltr'>legabatur.</span> <span class='ocrx_word' id='word_1_297' title='bbox 790 3143 863 3198; x_wconf 86' lang='lat' dir='ltr'>quae</span> <span class='ocrx_word' id='word_1_298' title='bbox 883 3127 989 3200; x_wconf 87' lang='lat' dir='ltr'>species</span> <span class='ocrx_word' id='word_1_299' title='bbox 1005 3125 1091 3198; x_wconf 84' lang='lat' dir='ltr'>legati</span> <span class='ocrx_word' id='word_1_300' title='bbox 1109 3147 1174 3201; x_wconf 87' lang='lat' dir='ltr'>par-</span> 
     </span>
     <span class='ocr_line' id='line_1_39' title="bbox 215 3197 1174 3286; baseline -0.001 -34"><span class='ocrx_word' id='word_1_301' title='bbox 215 3198 276 3252; x_wconf 90' lang='lat' dir='ltr'>titio</span> <span class='ocrx_word' id='word_1_302' title='bbox 304 3199 474 3271; x_wconf 87' lang='lat' dir='ltr'>vocabatur,</span> <span class='ocrx_word' id='word_1_303' title='bbox 509 3201 574 3274; x_wconf 87' lang='lat' dir='ltr'>quia</span> <span class='ocrx_word' id='word_1_304' title='bbox 600 3217 660 3254; x_wconf 91' lang='lat' dir='ltr'>cum</span> <span class='ocrx_word' id='word_1_305' title='bbox 689 3197 794 3253; x_wconf 87' lang='lat' dir='ltr'>herede</span> <span class='ocrx_word' id='word_1_306' title='bbox 822 3198 972 3270; x_wconf 85' lang='lat' dir='ltr'>legatarius</span> <span class='ocrx_word' id='word_1_307' title='bbox 1000 3201 1174 3286; x_wconf 86' lang='lat' dir='ltr'>partiebatur</span> 
     </span>
     <span class='ocr_line' id='line_1_40' title="bbox 215 3270 1173 3348; baseline 0.004 -22"><span class='ocrx_word' id='word_1_308' title='bbox 215 3271 410 3328; x_wconf 84' lang='lat' dir='ltr'>hereditatem.</span> <span class='ocrx_word' id='word_1_309' title='bbox 439 3273 529 3345; x_wconf 87' lang='lat' dir='ltr'>unde,</span> <span class='ocrx_word' id='word_1_310' title='bbox 549 3291 621 3348; x_wconf 88' lang='lat' dir='ltr'>quae</span> <span class='ocrx_word' id='word_1_311' title='bbox 642 3272 768 3328; x_wconf 88' lang='lat' dir='ltr'>solebant</span> <span class='ocrx_word' id='word_1_312' title='bbox 787 3270 979 3346; x_wconf 85' lang='lat' dir='ltr'>stipulationes</span> <span class='ocrx_word' id='word_1_313' title='bbox 999 3282 1072 3328; x_wconf 83' lang='lat' dir='ltr'>inter</span> <span class='ocrx_word' id='word_1_314' title='bbox 1090 3274 1173 3330; x_wconf 89' lang='lat' dir='ltr'>here-</span> 
     </span>
    </p>
   </div>
   <div class='ocr_carea' id='block_1_3' title="bbox 272 3399 392 3484">
    <p class='ocr_par' dir='ltr' id='par_1_8' title="bbox 272 3399 392 3484">
     <span class='ocr_line' id='line_1_41' title="bbox 272 3399 392 3484; baseline 0.083 -10"><span class='ocrx_word' id='word_1_315' title='bbox 272 3399 392 3484; x_wconf 56' lang='lat' dir='ltr'>niuea</span> 
     </span>
    </p>
   </div>
   <div class='ocr_carea' id='block_1_4' title="bbox 213 3553 1171 3836">
    <p class='ocr_par' dir='ltr' id='par_1_9' title="bbox 213 3553 1171 3836">
     <span class='ocr_line' id='line_1_42' title="bbox 243 3553 1171 3613; baseline -0.002 -13"><span class='ocrx_word' id='word_1_316' title='bbox 243 3558 266 3606; x_wconf 69' lang='lat'>2)</span> <span class='ocrx_word' id='word_1_317' title='bbox 282 3559 300 3600; x_wconf 92' lang='lat'>1.</span> <span class='ocrx_word' id='word_1_318' title='bbox 318 3557 346 3600; x_wconf 83' lang='lat' dir='ltr'>de</span> <span class='ocrx_word' id='word_1_319' title='bbox 361 3553 477 3599; x_wconf 81' lang='lat' dir='ltr'>codicillis</span> <span class='ocrx_word' id='word_1_320' title='bbox 491 3557 520 3606; x_wconf 78' lang='grc' dir='ltr'>ΙΙ,</span> <span class='ocrx_word' id='word_1_321' title='bbox 537 3556 574 3600; x_wconf 79' lang='lat'>25.</span> <span class='ocrx_word' id='word_1_322' title='bbox 590 3566 625 3608; x_wconf 85' lang='lat' dir='ltr'>pr.</span> <span class='ocrx_word' id='word_1_323' title='bbox 647 3557 675 3599; x_wconf 83' lang='grc' dir='ltr'>Ι).</span> <span class='ocrx_word' id='word_1_324' title='bbox 711 3557 749 3600; x_wconf 76' lang='lat'>23.</span> <span class='ocrx_word' id='word_1_325' title='bbox 771 3555 866 3608; x_wconf 73' lang='lat' dir='ltr'>Qnttrth.</span> <span class='ocrx_word' id='word_1_326' title='bbox 882 3558 940 3602; x_wconf 78' lang='lat' dir='ltr'>[nst.</span> <span class='ocrx_word' id='word_1_327' title='bbox 954 3558 1001 3608; x_wconf 86' lang='lat'>111,</span> <span class='ocrx_word' id='word_1_328' title='bbox 1016 3555 1040 3613; x_wconf 82' lang='lat'>6,</span> <span class='ocrx_word' id='word_1_329' title='bbox 1058 3555 1097 3600; x_wconf 65' lang='lat' dir='ltr'>ab.</span> <span class='ocrx_word' id='word_1_330' title='bbox 1125 3554 1171 3600; x_wconf 78' lang='lat' dir='ltr'>lsi-</span> 
     </span>
     <span class='ocr_line' id='line_1_43' title="bbox 213 3611 1169 3666; baseline 0.002 -14"><span class='ocrx_word' id='word_1_331' title='bbox 213 3613 244 3654; x_wconf 78' lang='lat' dir='ltr'>ste</span> <span class='ocrx_word' id='word_1_332' title='bbox 260 3614 318 3661; x_wconf 72' lang='lat' dir='ltr'>«trie.</span> <span class='ocrx_word' id='word_1_333' title='bbox 335 3613 395 3657; x_wconf 85' lang='lat' dir='ltr'>iuris</span> <span class='ocrx_word' id='word_1_334' title='bbox 408 3613 427 3666; x_wconf 88' lang='lat'>1,</span> <span class='ocrx_word' id='word_1_335' title='bbox 443 3612 464 3654; x_wconf 77' lang='lat'>2.</span> <span class='ocrx_word' id='word_1_336' title='bbox 479 3613 495 3654; x_wconf 91' lang='lat' dir='ltr'>l.</span> <span class='ocrx_word' id='word_1_337' title='bbox 505 3613 526 3654; x_wconf 73' lang='lat'>2.</span> <span class='ocrx_word' id='word_1_338' title='bbox 541 3611 611 3665; x_wconf 69' lang='lat'>§.32</span> <span class='ocrx_word' id='word_1_339' title='bbox 627 3611 676 3656; x_wconf 84' lang='lat' dir='ltr'>Cic.</span> <span class='ocrx_word' id='word_1_340' title='bbox 711 3611 761 3655; x_wconf 85' lang='lat' dir='ltr'>dori</span> <span class='ocrx_word' id='word_1_341' title='bbox 784 3613 857 3666; x_wconf 75' lang='lat' dir='ltr'>origg.</span> <span class='ocrx_word' id='word_1_342' title='bbox 878 3612 1022 3664; x_wconf 75' lang='lat' dir='ltr'>1v‚ea.-</span> <span class='ocrx_word' id='word_1_343' title='bbox 1050 3612 1116 3665; x_wconf 73' lang='lat' dir='ltr'>etc.</span> <span class='ocrx_word' id='word_1_344' title='bbox 1132 3613 1169 3664; x_wconf 73' lang='grc' dir='ltr'>Π,</span> 
     </span>
     <span class='ocr_line' id='line_1_44' title="bbox 214 3668 1171 3723; baseline 0 -13"><span class='ocrx_word' id='word_1_345' title='bbox 214 3669 281 3710; x_wconf 75' lang='lat' dir='ltr'>t&#39;err.</span> <span class='ocrx_word' id='word_1_346' title='bbox 293 3671 323 3722; x_wconf 85' lang='lat'>11,</span> <span class='ocrx_word' id='word_1_347' title='bbox 341 3673 361 3723; x_wconf 86' lang='lat' dir='ltr'>t,</span> <span class='ocrx_word' id='word_1_348' title='bbox 377 3668 429 3721; x_wconf 51' lang='lat' dir='ltr'>aas</span> <span class='ocrx_word' id='word_1_349' title='bbox 445 3669 475 3710; x_wconf 87' lang='lat' dir='ltr'>de</span> <span class='ocrx_word' id='word_1_350' title='bbox 488 3668 524 3710; x_wconf 88' lang='lat' dir='ltr'>tin.</span> <span class='ocrx_word' id='word_1_351' title='bbox 541 3671 570 3720; x_wconf 73' lang='lat' dir='ltr'>tl,</span> <span class='ocrx_word' id='word_1_352' title='bbox 588 3669 623 3710; x_wconf 78' lang='lat' dir='ltr'>tr.</span> <span class='ocrx_word' id='word_1_353' title='bbox 641 3669 676 3711; x_wconf 75' lang='lat' dir='ltr'>ts,</span> <span class='ocrx_word' id='word_1_354' title='bbox 711 3669 748 3711; x_wconf 68' lang='lat' dir='ltr'>dt.</span> <span class='ocrx_word' id='word_1_355' title='bbox 764 3671 779 3711; x_wconf 91' lang='lat' dir='ltr'>l.</span> <span class='ocrx_word' id='word_1_356' title='bbox 796 3668 832 3712; x_wconf 77' lang='lat'>29.</span> <span class='ocrx_word' id='word_1_357' title='bbox 854 3692 882 3702; x_wconf 92' lang='lat'>-</span> <span class='ocrx_word' id='word_1_358' title='bbox 910 3669 934 3720; x_wconf 75' lang='grc'>4)</span> <span class='ocrx_word' id='word_1_359' title='bbox 949 3670 977 3712; x_wconf 84' lang='grc' dir='ltr'>Ι).</span> <span class='ocrx_word' id='word_1_360' title='bbox 993 3669 1023 3712; x_wconf 85' lang='lat' dir='ltr'>dc</span> <span class='ocrx_word' id='word_1_361' title='bbox 1038 3671 1119 3714; x_wconf 84' lang='lat' dir='ltr'>bereti.</span> <span class='ocrx_word' id='word_1_362' title='bbox 1134 3669 1171 3712; x_wconf 88' lang='lat' dir='ltr'>in·</span> 
     </span>
     <span class='ocr_line' id='line_1_45' title="bbox 213 3724 1169 3778; baseline -0.001 -11"><span class='ocrx_word' id='word_1_363' title='bbox 213 3724 268 3767; x_wconf 73' lang='lat' dir='ltr'>rat.</span> <span class='ocrx_word' id='word_1_364' title='bbox 290 3727 354 3768; x_wconf 84' lang='lat' dir='ltr'>Max.</span> <span class='ocrx_word' id='word_1_365' title='bbox 377 3726 416 3778; x_wconf 87' lang='lat' dir='ltr'>tv,</span> <span class='ocrx_word' id='word_1_366' title='bbox 440 3725 467 3776; x_wconf 78' lang='lat'>2,</span> <span class='ocrx_word' id='word_1_367' title='bbox 489 3725 510 3766; x_wconf 73' lang='grc'>7.</span> <span class='ocrx_word' id='word_1_368' title='bbox 540 3728 631 3767; x_wconf 83' lang='lat' dir='ltr'>Seneca</span> <span class='ocrx_word' id='word_1_369' title='bbox 647 3725 676 3766; x_wconf 85' lang='lat' dir='ltr'>de</span> <span class='ocrx_word' id='word_1_370' title='bbox 710 3725 759 3767; x_wconf 72' lang='lat' dir='ltr'>stit.</span> <span class='ocrx_word' id='word_1_371' title='bbox 774 3725 880 3772; x_wconf 80' lang='lat' dir='ltr'>xxvtlt.</span> <span class='ocrx_word' id='word_1_372' title='bbox 897 3727 918 3768; x_wconf 73' lang='lat' dir='ltr'>a.</span> <span class='ocrx_word' id='word_1_373' title='bbox 934 3727 996 3770; x_wconf 77' lang='lat' dir='ltr'>LSS.</span> <span class='ocrx_word' id='word_1_374' title='bbox 1012 3747 1040 3758; x_wconf 92' lang='lat'>··-</span> <span class='ocrx_word' id='word_1_375' title='bbox 1063 3727 1093 3778; x_wconf 72' lang='grc'>,6)</span> <span class='ocrx_word' id='word_1_376' title='bbox 1108 3728 1134 3770; x_wconf 81' lang='grc' dir='ltr'>Ι).</span> <span class='ocrx_word' id='word_1_377' title='bbox 1148 3726 1169 3766; x_wconf 84' lang='grc' dir='ltr'>Ιι.</span> 
     </span>
     <span class='ocr_line' id='line_1_46' title="bbox 213 3779 1138 3836; baseline 0.003 -13"><span class='ocrx_word' id='word_1_378' title='bbox 213 3779 420 3832; x_wconf 60' lang='lat' dir='ltr'>trutinabantur</span> <span class='ocrx_word' id='word_1_379' title='bbox 436 3783 472 3822; x_wconf 79' lang='lat'>11.</span> <span class='ocrx_word' id='word_1_380' title='bbox 488 3782 676 3824; x_wconf 64' lang='lat' dir='ltr'>StrutouAElaud.</span> <span class='ocrx_word' id='word_1_381' title='bbox 711 3782 726 3822; x_wconf 87' lang='lat' dir='ltr'>l.</span> <span class='ocrx_word' id='word_1_382' title='bbox 744 3785 763 3823; x_wconf 88' lang='lat' dir='ltr'>t.</span> <span class='ocrx_word' id='word_1_383' title='bbox 781 3803 806 3812; x_wconf 62' lang='lat'>-=</span> <span class='ocrx_word' id='word_1_384' title='bbox 836 3782 859 3830; x_wconf 81' lang='grc'>6)</span> <span class='ocrx_word' id='word_1_385' title='bbox 876 3780 953 3826; x_wconf 78' lang='lat' dir='ltr'>Praei.</span> <span class='ocrx_word' id='word_1_386' title='bbox 969 3782 1023 3834; x_wconf 69' lang='lat' dir='ltr'>big.</span> <span class='ocrx_word' id='word_1_387' title='bbox 1039 3783 1061 3825; x_wconf 83' lang='lat'>3.</span> <span class='ocrx_word' id='word_1_388' title='bbox 1073 3782 1100 3836; x_wconf 54' lang='grc' dir='ltr'>ὅ.</span> <span class='ocrx_word' id='word_1_389' title='bbox 1115 3781 1138 3826; x_wconf 77' lang='grc'>6.</span> 
     </span>
    </p>
   </div>
   <div class='ocr_carea' id='block_1_5' title="bbox 0 0 1278 4340">
    <p class='ocr_par' dir='ltr' id='par_1_10' title="bbox 0 0 1278 4340">
     <span class='ocr_line' id='line_1_47' title="bbox 0 0 1278 4340; baseline 0 0"><span class='ocrx_word' id='word_1_390' title='bbox 0 0 1278 4340; x_wconf 95' lang='lat' dir='ltr'> </span> 
     </span>
    </p>
   </div>
  </div>
 </body>
</html>
