2536 4334
37 346 195 405 lusrmur.
222 343 295 418 Qut,
307 362 391 412 oure.
403 363 447 404 ux
457 363 559 417 cluss,
572 363 641 405 unc.
654 347 679 417 l,
691 352 720 404 o.
733 346 783 406 Pr.
801 345 832 427 ξ.
845 351 935 404 1-4.
966 345 1009 410 15

326 493 521 546 ultanus
547 493 724 546 SEXTUS.

44 589 184 672 ¹)QU1,
211 589 374 668 QUIBUS
395 593 457 657 EX
479 589 652 672 CAUSlS‚
677 589 1008 656 MANUMITTERF.

361 689 455 756 NON
479 689 691 756 POSSUNT.

92 807 162 864 Non
185 817 281 865 tamen
301 809 408 865 cuicum
429 827 464 866 ue
485 809 587 866 volenti
607 809 801 864 manumittere
825 807 898 864 licet.
937 811 1049 862 namPr.

38 882 76 949 is,
96 883 146 958 qui
169 882 200 938 in
219 881 348 938 fraudem
368 828 536 939 creditorum
557 883 741 954 manumittit,
761 881 828 937 nihil
846 881 921 954 agit:
943 881 1009 956 quia

39 956 84 1011 lex
110 955 196 1011 Aelia
223 955 321 1012 Seutia
350 956 467 1032 impedit
493 956 658 1013 libertatem.
699 953 814 1026 ²)Licet
835 965 928 1010 notem
955 955 1035 1010 do-¹

39 1030 131 1100 mino,
153 1029 205 1106 qui
225 1027 358 1085 solvendo
380 1048 435 1086 non
456 1040 514 1098 est,
534 1038 700 1086 testamento
719 1047 827 1084 servum
846 1047 926 1083 suum
945 1047 1008 1084 cum

39 1101 170 1158 libertate
191 1102 326 1159 heredem
346 1104 504 1173 instituere,
525 1114 555 1159 ut
575 1101 625 1158 fiat
644 1102 714 1159 liber
733 1103 870 1177 heresque
892 1102 918 1157 ei
933 1101 1009 1157 solus

40 1185 67 1229 et
86 1177 286 1248 necessarius,
306 1178 329 1232 si
348 1177 431 1233 modo
451 1195 534 1232 nemo
554 1177 623 1232 alius
642 1194 728 1232 exeo
745 1185 910 1231 testamento
926 1175 1010 1231 heres

41 1249 184 1322 extiterit,
204 1260 253 1305 aut
271 1251 336 1326 quia
353 1269 435 1306 nemo
455 1251 536 1306 heres
556 1251 674 1325 scriptus
693 1250 737 1321 sit,
758 1259 806 1305 aut
825 1249 890 1324 quia
910 1249 941 1320 is,
960 1247 1008 1323 qui

41 1323 159 1396 scriptus
190 1334 249 1396 est,
298 1324 401 1379 ualibet
426 1342 463 1380 ex
489 1342 572 1380 causa
592 1324 674 1380 heres
696 1342 753 1380 uon
773 1322 903 1379 extiterit.
923 1321 1010 1396 idque

41 1396 139 1452 eadem
161 1396 227 1472 lege
241 1343 319 1454 Aeha
333 1397 431 1454 Seutia
450 1399 590 1473 provisum
611 1407 662 1469 est,
680 1406 708 1452 et
727 1407 818 1454 recte:
838 1394 918 1450 valde
934 1395 1009 1450 enim

43 1470 270 1545 prospiciendum
292 1480 366 1540 erat,
388 1480 418 1525 ut
435 1481 550 1546 egentes
569 1471 712 1538 homines,
731 1471 831 1546 quibus
846 1469 913 1524 alius
926 1467 1009 1524 heres

43 1543 181 1599 extiturus
203 1563 260 1600 non
279 1554 367 1615 esset,
386 1544 429 1600 rel
447 1563 556 1601 servum
576 1563 656 1600 suum
676 1545 859 1600 necessarium
875 1541 1008 1599 heredem

44 1615 165 1674 habeant
177 1615 222 1692 ⁸),
243 1619 291 1696 qui
309 1616 499 1674 satisfacturus
516 1629 589 1676 esset
608 1617 805 1688 creditoribus,
828 1629 885 1688 aut,
904 1616 959 1672 hoc
973 1633 1008 1671 eo

44 1705 97 1744 non
117 1691 263 1759 faciente,
282 1691 433 1747 creditores
452 1710 497 1748 res
516 1691 700 1747 hereditarias
719 1691 791 1746 servi
809 1691 923 1746 nomine
940 1708 1009 1746 ren-

45 1761 125 1836 dant,
147 1783 184 1822 ne
206 1765 342 1835 iniuria³)
368 1764 516 1822 deluuctus
536 1763 680 1821 afficiatur.
716 1763 850 1839 idemque
872 1765 938 1819 iuris
957 1769 1040 1835 est,2

46 1837 93 1891 etsi
119 1838 182 1895 sine
207 1838 335 1894 libertate
360 1856 455 1894 sertus
481 1839 563 1893 heres
589 1838 729 1893 institutus
751 1847 800 1892 est.
820 1837 895 1911 quod
916 1847 1011 1892 nostra

47 1913 205 1968 constitutio
225 1930 281 1968 uon
300 1912 388 1967 solum
407 1913 435 1968 in
453 1911 576 1982 domino,
595 1911 643 1986 qui
660 1909 793 1966 solvendo
813 1928 869 1964 noo
890 1919 942 1978 est,
960 1909 1010 1965 red

46 1985 215 2066 generaliter
240 1986 397 2058 coustituit,
425 2003 497 2041 nova
523 1984 703 2041 humanitatis
728 1984 836 2039 ratione
854 2014 891 2024 -
918 1992 948 2038 ut
974 2001 1011 2039 ex

46 2073 104 2183 rpsa
127 2060 269 2134 scriptura
294 2059 473 2115 iustitutionis
500 2059 583 2116 etiam
610 2059 723 2115 libertas
742 2059 768 2114 ei
788 2066 949 2131 competere
969 2056 1011 2111 ri-

66 2141 143 2187 eatur
169 2166 208 2176 -
232 2151 294 2190 eum
322 2151 378 2188 oon
404 2142 446 2190 est
471 2133 634 2205 verisimile,
663 2151 741 2203 eum,
769 2149 852 2207 quem
877 2130 1010 2187 heredem

47 2204 95 2258 sibi
120 2206 223 2282 elegit,
256 2207 279 2262 si
307 2207 525 2282 praetermiserit
551 2206 686 2262 libertatis
715 2206 876 2271 dationem,
901 2222 1010 2260 servum

48 2293 190 2338 remanere
216 2280 350 2348 voluisse,
376 2291 405 2337 et
429 2282 569 2337 neminem
594 2280 647 2336 sibi
674 2279 806 2335 heredem
833 2277 944 2347 iore⁴).
977 2277 1009 2333 ln

47 2348 172 2410 t'raudem
191 2364 284 2410 autem
301 2355 468 2411 creditorum
486 2355 680 2410 manumittere
695 2353 817 2423 videtur,
836 2352 884 2426 qui
898 2351 941 2407 vel
953 2351 1010 2406 iam

48 2441 78 2478 eo
102 2437 248 2504 tempore,
277 2446 333 2504 quo
360 2429 545 2500 manumittit,
571 2427 704 2483 solvendo
728 2435 866 2497 nonest,
889 2425 931 2482 vel
951 2424 1009 2499 qui,

50 2496 116 2554 datis
135 2501 326 2574 libertatibus,
347 2503 486 2560 desiturus
505 2512 547 2558 est
566 2501 700 2557 solvendo
722 2518 792 2556 esse.
821 2499 1012 2574 praevaluisse

50 2579 139 2630 tameo
159 2576 285 2645 ridetur,
303 2576 356 2632 nisi
379 2578 502 2632 animum
523 2593 636 2651 quoque
655 2573 804 2630 fraudandi
827 2573 1011 2629 manumissor

50 2642 158 2721 habuit,
181 2669 238 2705 non
257 2651 294 2705 im
317 2650 387 2706 ediri
408 2651 563 2706 libertatem
574 2690 583 2718 ,
606 2649 731 2724 quamvis
748 2649 821 2702 bona
840 2648 899 2703 eius
918 2645 1013 2702 eredi-

51 2721 151 2778 toribus
171 2742 226 2779 noo
245 2743 276 2778 su
308 2724 400 2782 ciant:
423 2742 509 2799 saepe
530 2723 603 2779 euim
624 2721 660 2777 de
679 2721 858 2776 facultatibus
878 2720 933 2776 suis
948 2723 1010 2774 am-

51 2791 133 2866 plius,
155 2815 240 2872 quam
260 2797 289 2852 in
309 2796 351 2853 his
370 2807 430 2867 est,
448 2807 562 2873 sperant
581 2796 718 2851 homiues.
737 2795 833 2869 itaque
847 2803 912 2849 tuuc
927 2790 1008 2847 iutel-

51 2861 163 2939 legimus
183 2871 313 2946 impediri
331 2872 504 2942 libertatem,
526 2887 587 2926 cum
608 2882 728 2943 utroque
745 2867 830 2923 modo
844 2865 1011 2921 fraudantur

53 2943 218 3012 creditores,
239 2945 267 3000 id
286 2954 343 3016 est,
360 2955 389 3001 et
407 2945 520 3001 consilio
540 2942 774 3012 manumittentis,
794 2950 822 2996 et
839 2940 901 3015 ipsa
914 2957 954 3012 re,
974 2955 1010 2995 eo

52 3015 121 3084 quod
145 3019 218 3074 bona
238 3037 292 3074 nou
313 3017 462 3075 suffectura
482 3029 546 3074 sunt
566 3012 797 3089 creditoribus⁵).

102 3087 212 3146 Eadem
240 3091 302 3166 lege
328 3092 408 3148 helia
433 3091 531 3148 Sentio
556 3089 669 3146 domino
694 3089 794 3144 minori
816 3087 910 3162 viginti
932 3086 1040 3142 annisa

53 3173 106 3216 nou
134 3164 215 3221 aliter
241 3167 438 3222 manumittere
464 3164 648 3241 permittitur,
682 3181 766 3240 quam
792 3163 815 3218 si
842 3159 962 3218 vindicta
971 3157 1014 3237 ¹),

56 3275 269 3300 '‘Q-—

106 3341 129 3393 α)
141 3343 258 3387 bubernet.
272 3364 301 3375 -
330 3343 353 3395 b)
367 3351 405 3398 qu.
419 3351 438 3384 s.
453 3341 529 3395 dacto,
548 3341 610 3384 olna.
625 3350 647 3394 q.
661 3349 681 3383 s.

82 3462 427 3520 ¹)1rmgmueturtsspecten.
442 3464 466 3518 s.
476 3466 512 3508 la.
546 3466 602 3507 strat
616 3464 669 3516 vn,
687 3463 723 3506 ll.
738 3462 779 3511 (hl.
794 3483 822 3493 —
851 3459 875 3510 ἵ)
889 3458 955 3503 lade
965 3459 1012 3501 he·

59 3515 90 3560 ¹6·
104 3521 149 3570 (lo.
168 3525 213 3574 18.)
242 3522 294 3567 Cal.
314 3525 338 3578 1,
364 3522 400 3566 ¹9.
420 3521 458 3565 20.
474 3523 512 3564 at.
547 3520 596 3564 red.
617 3519 694 3562 lustlt.
714 3517 829 3573 xxvm,
844 3517 867 3559 δ.
887 3515 904 3558 i.
918 3513 1011 3580 ‘¹²2⁴st

56 3569 214 3624 36.’..41.47.
245 3578 340 3632 Ulplun.
353 3579 371 3631 l,
384 3577 465 3623 tull.
477 3579 511 3621 1⁵.
545 3575 724 3620 abbatius&
741 3593 768 3605 -·
791 3574 816 3624 3)
832 3570 881 3617 clu.
897 3582 918 3622 p.
930 3572 1011 3624 Quint.

57 3625 83 3669 D·
96 3631 124 3675 de
138 3634 291 3680 manumissis
308 3635 413 3678 vindicte
425 3635 474 3688 XL,
490 3635 512 3678 2.
549 3634 584 3676 lb.
601 3631 700 3675 Tertull.
714 3630 816 3682 Apolou.
832 3628 855 3673 4.
875 3629 974 3682 hucac
986 3626 1013 3670 lo

59 3687 155 3744 bassim
179 3691 218 3746 qui
241 3695 265 3735 et
285 3701 301 3735 a
320 3691 407 3745 quibus
427 3699 512 3734 mauu·
547 3686 623 3732 fraud.
639 3685 748 3729 creditor.
763 3687 840 3737 XLII,
856 3685 878 3728 8.
898 3686 914 3726 l.
929 3685 967 3727 28.
982 3705 1010 3716 -

57 3739 119 3787 ¹¹¹¹S⁸i
137 3749 190 3801 ΧΙ,,
206 3748 229 3792 9.
246 3750 288 3799 (h).
319 3749 345 3792 t).
360 3748 390 3790 de
405 3746 513 3790 vindicta
546 3744 570 3796 4)
586 3743 613 3789 0.
628 3743 658 3786 de
673 3741 817 3785 necessariis
832 3740 961 3794 servlul‘l,
971 3739 1001 3782 tt

58 3789 105 3855 Vn,
123 3803 157 3859 l.;
179 3803 220 3858 qul
238 3803 370 3848 manumitt.
393 3813 439 3847 non
454 3813 512 3856 pos·
547 3803 562 3845 l.
577 3802 601 3844 o.
617 3821 645 3831 -
673 3802 698 3852 n)
712 3800 740 3843 h.
756 3799 779 3842 h.
795 3799 810 3840 l.
826 3797 862 3842 ro.
880 3797 915 3840 18.
930 3797 967 3840 2³.
