2536 4334
59 305 219 363 lusrrrur.
254 301 429 362 Dennnurs
443 317 607 362 nsvrstorrn
626 304 667 374 ll,
687 310 714 361 l.
739 303 770 384 5.
788 309 932 363 52-56.
985 305 1027 369 51

57 455 146 508 arbor
175 452 288 526 posita,
320 452 343 508 si
375 453 461 508 etiam
488 451 516 508 in
543 452 623 508 vicini
651 450 769 508 fundum
797 453 903 508 radices
930 455 1027 526 egerit,

57 527 221 582 communis
250 526 289 581 lit.
357 526 423 593 Qua
448 529 557 583 ratione
583 537 676 582 autem
701 526 830 601 plautae,
853 543 928 602 quae
953 536 1071 582 terratis

57 599 247 668 coalescunt,
278 600 338 655 solo
371 599 494 672 cedunt,
530 599 629 656 eadem
661 601 768 656 ratione
793 599 932 656 frumenta
955 617 1028 678 quo-

58 693 132 748 que,
169 691 250 748 quae
275 684 336 729 sata
362 685 440 748 sunt,
473 673 532 730 solo
556 673 657 730 cedere
681 673 884 748 intelleguntur.
941 673 1027 733 Ceta-

59 765 121 802 rum
146 748 223 803 sicut
253 747 291 819 is,
319 747 365 822 qui
391 749 419 802 in
447 748 538 805 alieno
563 746 622 802 solo
648 747 851 817 aedificaverit,
883 747 906 802 si
931 749 968 803 ab
992 765 1027 804 co

59 820 195 877 dominus
218 831 299 896 petat
320 820 494 891 aedificium,
520 820 634 876 delendi
654 832 745 895 potest
764 839 816 895 per
833 838 901 876 exce
923 822 1027 876 tionem

59 893 117 950 doli
138 894 231 963 moli,
256 889 407 950 secundum
428 913 481 963 ea,
507 911 581 970 quae
600 895 737 950 diximus:
758 895 811 968 ita,
830 896 890 950 eius
911 912 954 951 em
976 913 1028 952 ex-

61 967 204 1044 ceptionis
231 967 351 1039 auxilio,
372 979 447 1025 tutus
467 986 527 1025 esse
547 978 639 1042 potest
661 969 699 1035 is,
719 968 766 1042 qui
785 969 813 1024 in
828 969 948 1024 alienum
962 967 1028 1024 l'uu·

59 1042 128 1098 dum
148 1059 204 1097 sua
225 1041 354 1116 impensa
373 1043 446 1098 bona
463 1042 519 1098 fide
536 1038 739 1117 conseruit⁶³).
777 1041 889 1098 Literae
906 1060 1026 1118 quoque,
1038 1057 1073 1100 aa

60 1116 127 1171 licet
148 1132 260 1171 aureae
279 1115 342 1185 sint,
362 1115 480 1191 perinde
499 1115 601 1173 chortis
620 1115 821 1171 membranisre
841 1115 952 1188 cedunt,
972 1118 1027 1172 acsi

61 1182 122 1244 solo
144 1189 252 1246 cedere
271 1188 361 1244 solent
381 1207 431 1262 ea,
452 1207 525 1265 quae
544 1189 771 1260 inaedificautur,
791 1199 840 1244 aut
853 1191 1026 1247 inseruntur:

62 1261 204 1338 ideoque,
234 1261 258 1317 si
285 1263 312 1318 in
333 1262 434 1320 clrartis
454 1263 656 1340 membranisre
675 1263 728 1318 tuis
746 1279 857 1318 carmen
879 1263 919 1319 vel
941 1264 1028 1319 lristo-

62 1337 134 1392 riam
161 1337 207 1392 rel
237 1338 393 1392 orationem
419 1337 512 1392 Titius
539 1336 697 1411 scripserit,
726 1337 806 1392 liuius
827 1337 950 1412 corporis
972 1355 1026 1392 nun

63 1409 175 1480 Titius,
202 1409 256 1466 sed
282 1421 311 1464 tu
339 1409 466 1466 domiuus
490 1427 552 1468 esse
576 1407 750 1485 iudiceris-r).
787 1409 836 1466 sed
862 1413 884 1466 si
911 1427 928 1465 a
950 1411 1027 1465 Titio

63 1492 162 1558 petas,
182 1494 251 1540 tuos
270 1483 355 1539 libros
373 1495 469 1540 tuasne
489 1485 663 1541 membranas
679 1494 785 1554 esse‘,
809 1501 861 1540 nec
874 1486 1026 1559 impensam

63 1557 223 1633 scripturae
244 1558 352 1614 solvere
371 1568 485 1632 paratus
505 1558 562 1631 sis,
593 1560 696 1633 poterit
714 1576 745 1613 se
769 1558 854 1613 l'itius
874 1557 1027 1614 defendere

66 1648 117 1704 per
134 1631 335 1708 exceptionem
353 1631 409 1686 doli
429 1632 503 1703 mali,
523 1634 619 1707 utique
636 1633 660 1686 si
675 1633 749 1687 bona
764 1631 820 1687 fide
835 1649 930 1688 earum
946 1630 1028 1688 char-

67 1711 155 1760 tarum
176 1705 441 1762 membranarumve
456 1707 657 1780 possessionem
676 1715 775 1760 nactus
790 1716 839 1762 est.
876 1706 907 1762 Si
924 1705 985 1780 quis
999 1706 1070 1760 inat

69 1777 157 1834 aliena
185 1779 285 1834 tabula
313 1779 454 1852 pinxerit,
481 1778 595 1854 quidam
618 1789 734 1866 putant,
761 1779 882 1834 tabulam
903 1781 1027 1854 picturae

67 1851 187 1926 cedere3
209 1852 272 1908 aliis
289 1852 398 1908 ridetur
413 1855 536 1927 pictura,
553 1852 759 1928 qualiscumque
778 1853 829 1924 sit,
849 1852 961 1908 tabulae
980 1870 1028 1907 ce·

68 1923 143 1982 dere.
181 1926 234 1982 sed
257 1927 337 1982 nobis
356 1925 465 1983 ridetur
482 1927 581 1983 melius
599 1944 677 1996 esse,
697 1925 819 1982 tabulam
840 1927 964 1998 picturae
980 1944 1028 1980 ce-

67 1997 151 2058 dere:
169 2000 320 2055 ridiculum
337 2012 380 2055 est
397 2002 488 2070 euim,
507 2002 642 2076 picturam
662 1999 766 2072 Apellis
785 2000 827 2055 vel
842 1999 981 2055 Parrhasii
999 1999 1027 2052 in

67 2073 259 2130 accessionem
285 2073 431 2131 vilissimae
456 2074 568 2130 tabulae
593 2074 702 2131 cedere.
739 2072 813 2128 uude
833 2073 855 2130 si
878 2090 894 2130 a
914 2071 1027 2128 domiuo

69 2145 179 2204 tabulae
195 2146 351 2222 imaginem
368 2147 527 2223 possidente
546 2149 587 2215 is,
607 2149 653 2222 qui
668 2147 774 2223 pinxit,
794 2155 958 2222 campumt,
976 2163 1028 2201 nec

67 2217 155 2276 solvat
180 2221 305 2296 pretium
329 2222 459 2291 tabulae,
482 2223 587 2297 poterit
607 2239 658 2296 per
676 2222 868 2294 exceptionem
888 2220 944 2276 doli
964 2219 1030 2274 mali

68 2295 256 2365 summoveri3
275 2305 305 2350 at
323 2295 346 2350 si
364 2295 403 2363 is,
422 2295 469 2371 qui
485 2296 589 2370 pinxit,
609 2295 770 2369 possideat,
792 2311 963 2370 consequens
978 2302 1030 2364 est,

70 2376 99 2421 ut
124 2367 199 2424 utilis
228 2369 301 2424 actio
327 2369 440 2424 domino
465 2369 576 2425 tabulae
603 2369 733 2424 adversus
758 2386 821 2424 euru
844 2368 946 2439 detur,
973 2385 1030 2442 quo

70 2457 151 2511 casu,
177 2443 201 2498 si
230 2460 285 2497 non
306 2443 393 2498 solvat
417 2443 571 2517 impensam
589 2442 727 2515 picturae,
754 2442 856 2516 poterit
874 2460 927 2517 per
944 2458 1029 2496 exce-

72 2514 195 2584 ptionem
226 2514 284 2571 doli
309 2516 373 2571 mali
399 2517 512 2591 repelli,
542 2517 637 2590 utique
660 2517 683 2571 si
710 2517 783 2571 bona
808 2514 864 2572 fide
889 2531 1031 2590 possessor

71 2587 152 2643 suerit
180 2590 246 2661 ille,
272 2590 320 2676 qui
346 2590 482 2664 picturam
509 2589 649 2664 imposuit.
686 2589 752 2645 illud
772 2591 845 2645 euim
866 2589 958 2664 palam
978 2599 1029 2657 est,

73 2661 168 2734 quod,
199 2665 259 2719 sire
283 2682 321 2735 rs,
351 2663 398 2738 qui
444 2664 529 2736 inxit,
555 2663 692 2738 subripuit
717 2663 843 2735 tabulas,
868 2664 925 2718 sive
945 2661 1027 2733 alius,

73 2752 131 2790 corn
154 2737 205 2792 etit
227 2737 341 2792 domino
359 2683 514 2793 taboramm
536 2735 602 2791 surti
619 2734 757 2810 actio⁶¹²).

125 2753 156 2865 di
204 2811 247 2866 uis
265 2826 282 2864 a
303 2828 359 2865 non
379 2811 508 2883 domino,
537 2828 619 2884 quern
640 2809 781 2865 dominum
807 2825 867 2864 esse
887 2805 1027 2875 credebat,
1038 2816 1072 2858 :to

75 2880 144 2963 pona
161 2830 221 2940 fide
240 2883 357 2938 fundum
377 2885 491 2954 emerit,
516 2883 560 2938 rel
584 2901 619 2939 ex
640 2883 807 2954 donatione,
833 2881 921 2937 aliave
940 2875 1026 2955 quas)

75 2964 143 3010 rosta
168 2974 254 3013 causa
282 2974 372 3032 aeque
398 2959 472 3016 bona
498 2956 554 3013 fide
582 2956 740 3031 acceperit;
773 2955 892 3011 naturali
919 2954 1028 3009 ratione

74 3026 195 3101 placuit,
223 3030 345 3101 fructus,
371 3050 440 3107 quos
467 3031 608 3106 percepit,
637 3031 696 3085 eius
720 3046 781 3086 esse
800 3047 853 3104 pro
874 3027 980 3084 cultura
999 3037 1028 3083 et

75 3119 148 3158 cura.
187 3113 215 3158 et
235 3103 315 3175 ideo,
334 3105 357 3160 si
378 3115 473 3179 postea
494 3105 622 3160 dominus
641 3105 845 3179 supervenerit,
865 3112 893 3159 et
909 3101 1027 3158 fundum

76 3173 212 3248 vindicet,
242 3178 277 3233 de
304 3178 438 3234 fructibus
463 3179 499 3234 ab
525 3195 560 3234 eo
582 3177 750 3252 consumptis
776 3195 860 3252 agere
886 3194 942 3232 non
962 3186 1029 3250 pot-

76 3247 178 3322 est⁶⁵).
216 3250 252 3306 Ei
278 3269 362 3322 vero,
387 3253 434 3327 qui
460 3253 548 3308 sciens
574 3251 693 3307 alienum
720 3250 837 3307 fundum
863 3249 1027 3324 possederit,

76 3335 129 3375 non
148 3323 223 3380 idem
242 3341 401 3381 concessum
422 3338 473 3381 est.
509 3324 603 3399 itaque
622 3343 684 3382 curn
703 3323 791 3382 fundo
809 3325 893 3382 etiam
911 3322 1028 3396 fructus,

76 3427 292 3446 ’,Ἡ

129 3480 153 3532 d)
167 3484 262 3527 videris.
276 3505 305 3516 —-
333 3481 355 3534 e)
370 3480 415 3525 dei.
430 3492 487 3526 esse.
502 3503 529 3516 -·
557 3482 576 3534 f)
591 3483 704 3540 qunttoet5
719 3480 765 3526 det.

103 3585 349 3641 sunniam.
371 3609 399 3619 -
426 3588 466 3639 64)
484 3587 534 3632 Cal.
568 3587 803 3637 deoftluiolud.lV,
821 3585 857 3630 17.
873 3585 933 3640 §.2
962 3588 1028 3632 tau.

78 3640 209 3690 lutras.
238 3647 305 3690 lah.
321 3643 535 3699 1.e.s.t.s.;oe
567 3645 649 3699 l.40.;
669 3645 707 3688 ltu.
728 3653 777 3696 reg.
799 3643 828 3697 x,
846 3644 867 3686 l.
888 3643 941 3686 ts.
963 3643 1028 3695 §.a

80 3695 534 3756 retvuu.vr,r;1.as.s.o.;au
569 3700 823 3755 coerciturum,
839 3699 909 3744 aar.
939 3700 962 3744 2.

79 3753 154 3798 exuro.
169 3758 198 3814 x,
214 3760 236 3801 s.
251 3759 300 3802 na.
317 3759 341 3812 s.
355 3756 392 3802 u.
406 3781 434 3790 -
462 3758 502 3809 es>
515 3760 533 3802 1.
808 3811 832 3867 C

849 3816 865 3849 o
