2516 4328
190 346 254 413 182
292 345 443 405 insulana.
472 342 529 417 Qut.
542 359 607 403 uum
619 359 668 410 no,
681 358 707 408 o.
721 359 753 399 m
765 359 813 400 an.
824 358 887 398 ror.
902 359 957 399 esa
968 340 1027 409 tv,
1037 346 1067 398 7.
1084 337 1120 421 5.
1130 345 1167 408 tt.

131 514 137 526 ·
190 515 251 554 rem
269 502 362 551 atatem
380 494 486 552 domiui
506 510 614 549 vertum
635 489 819 563 intellegitur,
837 487 969 565 quicquid
991 489 1161 546 necemarie

190 571 218 626 iu
236 569 371 626 remeius
389 567 557 644 impenderit
571 583 686 638 cerrus,
707 563 790 620 reiuti
804 562 827 618 ci
843 571 985 619 mutuatus
1003 563 1163 636 pecuniam

190 643 372 701 creditoribus
397 642 458 698 eiua
475 640 570 714 eam¹)
595 639 722 709 coiverit,
748 645 796 692 aut
820 633 948 692 aedificia
965 636 1079 692 ruentia
1097 635 1163 691 fui-

189 718 273 788 eerit,
300 726 349 772 aut
373 715 496 771 familiae
522 713 691 770 frumentum
718 711 832 780 emerit,
862 709 905 765 rei
929 709 1014 766 etiam
1033 707 1162 765 fundum

190 801 238 846 aut
257 789 409 866 quamlibet
428 788 509 846 aliam
529 804 588 843 rem
608 785 790 844 necessariam
811 792 948 840 mercatur
962 781 1056 838 fuerit.
1095 782 1162 838 ita·

188 882 245 939 que
270 863 298 918 ai·
311 880 348 919 ex
368 861 465 918 decem
487 870 516 916 ut
536 871 603 935 puta
623 858 731 928 aureis,
756 875 827 932 quos
842 875 936 914 eerrua
953 863 1017 911 tuur
1037 873 1056 912 a
1074 855 1160 912 Titio

189 947 301 992 mutuos
320 935 444 1010 accepit,
464 933 594 992 creditori
613 942 661 988 tuo
682 932 803 1007 quinque
817 948 918 987 aurcos
932 928 1063 1001 sciverit,
1085 929 1160 986 reii-

187 1027 259 1085 quoa
279 1027 344 1065 vero
364 1009 487 1084 quinque
507 1007 631 1083 quolibet
651 1004 734 1062 modo
755 1004 977 1080 consumpserit,
1000 1020 1054 1079 pru
1069 1003 1161 1079 quin-

189 1100 244 1158 que
272 1081 384 1158 quidem
412 1081 439 1138 in
465 1081 583 1138 solidum
608 1079 736 1137 damnari
754 1077 861 1149 deber,
890 1095 942 1152 pro
961 1077 1065 1134 ceteris
1085 1094 1160 1134 vero

187 1156 313 1232 quinque
339 1165 472 1228 eatenus,
499 1166 635 1232 quatenus
660 1153 688 1208 in
712 1153 821 1228 peculio
840 1151 890 1209 eit:
918 1168 955 1208 ex
971 1169 1028 1280 pun
1050 1149 1163 1207 scilicet

191 1241 326 1306 apparet,
345 1230 431 1287 rituti
447 1229 543 1286 decern
563 1228 641 1284 aurei
657 1227 686 1283 in
705 1243 763 1283 rem
782 1235 860 1282 tuam
881 1225 952 1281 verri
987 1224 1090 1293 nerim,
1111 1233 1162 1280 to-

191 1311 235 1360 toa
253 1304 350 1360 decern
370 1321 471 1360 aureos
485 1303 592 1358 Titium
612 1301 744 1376 consequi
762 1316 853 1375 posce.
870 1298 935 1356 licet
948 1298 1022 1355 euim
1038 1315 1098 1354 una
1115 1309 1161 1355 eat

193 1376 280 1450 actio,
300 1394 356 1452 qua
374 1377 411 1434 de
429 1376 538 1453 peculio
556 1375 648 1450 deque
668 1392 727 1447 eo,·
745 1372 821 1448 quod
840 1373 866 1428 in
884 1381 950 1429 rem'
963 1371 1072 1430 damini
1089 1389 1161 1430 rer-

192 1467 252 1505 aum
272 1450 323 1523 sit,
342 1451 451 1524 agitur,
471 1459 566 1504 tamen
585 1447 654 1504 duae
674 1447 760 1504 habet
776 1445 1031 1504 condemnationen.
1059 1446 1160 1522 itaque

191 1523 294 1595 iudex,
320 1522 395 1597 apud
415 1539 498 1597 quem
518 1521 554 1578 de
564 1517 590 1595 ι)
616 1539 652 1577 ea
668 1521 778 1578 actione
794 1521 907 1596 agitur,
929 1529 995 1579 ante
1013 1519 1159 1595 dispicere

192 1595 280 1666 sciet,
303 1613 338 1650 an
359 1595 387 1650 in
406 1612 465 1651 rem
484 1594 589 1652 domini
608 1612 716 1654 veroum
736 1595 793 1665 rit,
819 1612 873 1650 uec
893 1594 974 1652 aliter
993 1587 1030 1650 ad
1074 1593 1159 1650 ecuiii

190 1668 411 1725 aestimationem
439 1669 553 1741 transit,
577 1685 661 1744 quam
687 1669 711 1724 ri
738 1678 787 1724 aut
813 1667 880 1723 nihii
905 1669 933 1724 in
958 1685 1019 1724 rem
1046 1611 1157 1724 domini

190 1757 300 1798 cereum
326 1741 517 1829 intellegatur,
543 1752 591 1828 aut
615 1760 672 1828 non
693 1751 793 1797 toturn.
831 1741 904 1829 Cum
924 1751 1018 1828 autem
1038 1742 1158 1830 quaeri·

191 1825 252 1887 tur,
271 1826 403 1891 quantum
423 1834 450 1871 m
471 1815 580 1892 peculio
599 1823 655 1884 ut,
678 1823 743 1872 ante
761 1814 924 1944 deducitur,
943 1815 1077 1890 quicquid
1092 1833 1157 1872 aer-

191 1907 241 1945 ωε
258 1888 388 1961 domino,
408 1885 528 1965 quiret)
549 1889 577 1945 in
594 1897 736 1976 potestate
755 1889 815 1976 eiua
834 1889 884 1957 ait,
912 1890 1010 1975 chet,
1030 1899 1062 1944 et
1077 1889 1156 1965 quad

191 1972 333 2048 cuperent,
352 1964 380 2020 id
401 1964 489 2020 coium
510 1962 650 2037 pecuimm
670 1962 846 2049 intellegitur.
883 1962 1156 2049 elaquepdontameu,

192 2035 237 2105 id,
257 2037 334 2112 quod
354 2038 381 2093 ei
400 2037 485 2093 debet
503 2053 614 2108 aerrue,
633 2054 681 2111 qur
700 2036 888 2123 inpotestate
907 2035 1012 2092 dommi
1027 2045 1080 2105 art,
1098 2055 1155 2092 non

192 2110 339 2166 deducitur
364 2127 400 2167 ex
427 2109 552 2186 peculio,
581 2109 665 2166 veluti
688 2109 711 2164 ei
737 2128 760 2165 m
774 2110 812 2164 in
835 2109 915 2166 huius
935 2109 1022 2184 ipsine
1042 2111 1154 2185 pecuiio
1247 2163 1248 2176 ,

192 2185 235 2239 rit.
273 2183 349 2260 quod
373 2201 409 2240 ec
435 2184 572 2259 pertinet,
594 2192 640 2254 ut,
661 2183 684 2238 ai
707 2181 773 2258 quid
793 2183 895 2240 vicario
914 2201 967 2239 auo
982 2201 1081 2240 rervm
1101 2183 1156 2242 de«

193 2258 273 2327 beat,
292 2257 321 2314 id
341 2275 377 2314 ex
397 2257 507 2332 peculio
527 2257 587 2314 eiua
606 2275 662 2312 uon
679 2255 836 2313 deducatur
844 2254 882 2331 ⁶).

165 2340 181 2387 't
249 2329 381 2386 Ceterum
409 2330 522 2388 dubium
542 2347 601 2386 non
626 2339 691 2403 eat,
718 2331 784 2406 quin
805 2330 830 2385 ia
850 2347 979 2405 quoque,
1008 2332 1058 2419 qni
1078 2332 1153 2388 iusso

192 2403 296 2459 domini
322 2405 508 2474 contraxerit,
536 2404 637 2478 cuique
661 2403 797 2460 institoria
817 2403 860 2458 vei
883 2403 1051 2460 exercitoria
1071 2406 1152 2462 actio

192 2477 342 2550 competit,
368 2475 403 2532 de
422 2476 548 2550 peculio,
568 2475 661 2551 deque
679 2493 730 2544 eo,
747 2475 823 2552 quod
843 2478 946 2533 intem
967 2477 1075 2535 domini
1090 2497 1154 2536 rer·

192 2566 252 2604 sum
279 2557 337 2618 eat,
367 2566 452 2623 agere
468 2550 580 2677 lpossit:
612 2549 663 2606 sed
688 2550 741 2608 erit
765 2550 953 2621 stultissimus,
978 2551 1024 2622 ei,
1049 2553 1153 2610 cariem

192 2623 318 2694 actione,
359 2640 394 2678 ua
412 2622 467 2678 feci
488 2623 541 2678 'me
559 2621 676 2679 solidum
695 2641 731 2680 ex
746 2633 889 2680 contractu
903 2625 1036 2699 consequi
1050 2626 1150 2700 poerit,

191 2713 222 2752 ee
241 2695 277 2752 ad
296 2696 324 2752 di
355 2695 485 2754 cultatem
506 2696 641 2771 perducat
659 2695 813 2773 probandi,
835 2697 863 2753 in
885 2715 944 2754 rem
964 2697 1070 2754 domiui
1090 2707 1153 2756 rer-

192 2789 252 2826 oura
272 2788 349 2843 esse,
370 2770 412 2826 vei
429 2769 535 2827 hahere
553 2788 661 2826 serrum
682 2770 834 2845 peculium,
860 2779 888 2826 et
908 2780 1015 2828 tantum
1035 2771 1152 2844 habere,

192 2856 223 2900 ut
242 2845 361 2901 solidum
379 2845 432 2900 eibi
450 2844 519 2900 sciri
537 2843 632 2918 possit.
668 2843 694 2900 Is
709 2860 837 2919 quoque,
855 2843 902 2900 cui
916 2845 1063 2901 tributaria
1079 2847 1151 2902 actio

192 2920 342 2995 competit,
367 2935 457 2994 aeque
483 2917 520 2974 de
539 2917 648 2993 peculio
668 2927 697 2974 et
714 2919 741 2972 in
760 2935 818 2973 rem
838 2935 916 2975 verro
936 2935 1022 2993 agere
1038 2930 1151 2994 potent:

191 2991 242 3047 aed
266 3009 335 3047 eane
360 2991 425 3048 huic
450 2990 534 3048 modo
559 2991 705 3047 tributoria
731 2989 846 3066 expedit
874 3008 975 3066 agere,
1003 2993 1089 3049 modo
1115 2993 1152 3050 de

191 3063 303 3137 peculio·
324 3072 352 3118 et
373 3064 401 3118 in
427 3081 486 3120 rem
512 3063 634 3137 veraci).
670 3064 816 3121 tributoria
835 3063 899 3122 ideo
919 3065 1037 3140 expedit
1055 3084 1151 3142 agere,

192 3136 257 3265 auia
275 3137 304 3192 in
323 3153 358 3192 ea
376 3134 482 3192 domini
497 3136 624 3192 condicio
642 3139 794 3224 praecipua
809 3156 865 3194 non
879 3147 941 3212 eet,
960 3137 991 3194 id
1005 3148 1056 3211 ert,
1075 3141 1152 3216 quod

212 3209 307 3266 omino
325 3208 460 3282 debetur,
479 3226 535 3265 nun
546 3209 716 3282 deducitur,
736 3211 787 3268 sed
806 3211 931 3269 eiusdem
949 3211 1017 3267 iuria
1035 3223 1079 3270 est
1096 3213 1152 3270 do-

190 3284 296 3352 minus,
322 3283 399 3340 cuius
419 3293 447 3340 et
466 3283 553 3340 ceteri
570 3283 740 3355 creditores:
765 3295 795 3343 at
811 3287 840 3341 in
860 3285 969 3343 actione
986 3285 1024 3342 de
1041 3287 1151 3360 peculio

190 3367 255 3414 ante
273 3357 437 3426 deducitur,
461 3356 537 3433 quod
555 3356 670 3414 dominc
689 3357 823 3431 debetur,
848 3367 876 3415 et
895 3358 987 3432 inid,
1006 3360 1085 3434 quod
1102 3379 1152 3418 re-

189 3431 294 3506 liquum
315 3439 372 3504 eet,
393 3429 524 3488 creditori
543 3430 671 3488 dominae
686 3432 899 3491 condemnetur.
926 3450 1021 3490 ruraur
1040 3433 1078 3490 de
1096 3451 1150 3510 pe-

189 3504 261 3562 culio
274 3504 339 3562 ideo
352 3503 470 3580 expedit
481 3521 582 3580 agere,
602 3504 679 3580 quod
697 3506 727 3562 in
746 3505 800 3588 hac
818 3506 929 3568 actione
948 3506 1032 3564 totius
1047 3508 1151 3582 peculii

190 3621 408 3637 D*

244 3675 440 3730 odotem·
469 3678 649 3734 stactae-
676 3680 884 3738 uictumae.-
912 3679 1016 3731 iidem
1122 3689 1124 3696 ’

141 3850 146 3866 ¹
217 3787 900 3848 6)n.uaoecmtoxv,1.;rtcmrcarverroxv,n.
930 3823 934 3830 .
987 3825 989 3830 .
1024 3829 1026 3832 .
