2548 4342
181 321 331 382 lassaron.
369 321 417 380 lla
438 340 664 382 consumamus
688 325 729 395 ll,
753 331 781 383 7.
807 323 834 397 ς.
852 331 928 385 Μ.
995 325 1037 391 63

68 471 181 528 lrabeat
207 465 413 545 ruminarent).
470 471 530 526 Alia
562 472 675 547 insuper
701 473 787 529 multa
815 474 851 529 ad
880 476 1036 534 uberiorem

68 545 182 600 exitum
203 545 384 601 donationum
404 545 579 616 invenimus,
598 564 671 621 quae
690 547 782 602 omnia
801 565 837 603 ex
855 549 954 606 nostris
967 567 1037 606 cou-

69 618 280 687 stitutiouibus,
304 636 373 693 quas
393 619 540 694 superbis
561 621 720 694 posuimus,
748 620 904 696 colligenda
926 625 1039 695 suut’).

71 691 229 748 Sciendum
250 704 343 750 tamen
363 703 426 763 est,
447 692 521 767 quod
531 732 541 760 ,
559 693 610 748 etsi
633 693 807 768 plenissimae
824 706 888 753 sunt
906 695 1037 752 donatio·

70 784 143 837 nes,
170 776 282 838 tamen,
307 767 329 823 si
351 766 452 839 ingrati
476 766 596 823 existant
616 767 757 838 lrenrines,
785 769 812 824 in
838 787 908 844 quos
929 769 1037 827 benefi-

71 840 148 894 cium
163 839 292 895 collatum
306 849 363 910 est,
379 839 559 896 donatoribus
569 859 619 914 per
629 853 750 897 nostram
760 843 981 900 constitutionem
995 845 1037 918 ¹⁰)

71 913 215 970 licentiam
235 914 435 988 praestavimus
446 913 480 985 ο),
500 915 581 970 certis
599 932 635 970 ex
654 915 743 970 causis
761 933 809 971 eas
823 934 971 975 revocare:
991 935 1036 990 ue,

72 987 126 1062 qui
149 1005 214 1044 suas
233 1005 277 1044 res
296 989 325 1043 iu
346 988 415 1043 alios
433 987 623 1058 contulerunt,
649 989 685 1043 ab
704 987 746 1044 bis
765 991 904 1064 quandam
924 992 1037 1068 patian-

71 1072 122 1116 tur
139 1060 266 1116 iniuriam
286 1061 329 1117 vel
348 1061 504 1133 iacturam,
524 1061 676 1118 secuudum
697 1074 876 1120 enumeratos
894 1065 922 1120 in
942 1075 1036 1121 nostra

73 1134 273 1190 constitutione
291 1134 392 1191 modos
405 1139 455 1206 ¹¹).
508 1136 608 1210 ¹²)Est
624 1147 652 1191 et
672 1136 747 1192 aliud
766 1155 853 1211 genus
872 1139 945 1194 inter
961 1139 1069 1195 vivona

73 1209 276 1277 donationum,
311 1210 386 1284 qnod
414 1210 551 1264 veteribus
579 1209 691 1284 quidem
718 1212 900 1284 prudentibus
925 1213 1035 1285 penitus

74 1292 138 1337 erat
163 1283 472 1358 incognitum‚'p0stea
493 1294 586 1338 autern
607 1301 623 1338 a
643 1285 795 1340 iunioribus
814 1283 882 1341 divis
901 1286 1035 1360 principi·

75 1357 128 1410 bns
148 1354 332 1412 introductum
352 1369 414 1427 est,
442 1358 516 1432 quod
538 1368 603 1412 aute
621 1358 733 1432 nuptias
753 1360 919 1428 vocabatur,
944 1369 972 1414 et
990 1369 1036 1414 ta-

74 1430 160 1485 citam
179 1430 206 1484 in
225 1448 255 1484 se
274 1430 465 1487 condicionem
483 1431 621 1501 habebat,
642 1443 672 1486 ut
687 1442 752 1488 tunc
765 1443 855 1488 ratum
870 1441 953 1500 esset,
972 1450 1034 1488 cum

74 1503 337 1573 matrimonium¹³l
366 1504 450 1560 suerit
481 1506 652 1576 insecuturu3
687 1505 808 1581 ideoque
833 1516 899 1563 ante
925 1506 1037 1581 nuptias

75 1576 290 1652 appellabatur,
312 1579 387 1652 quod
405 1589 470 1634 ante
490 1579 694 1634 matrimonium
713 1577 901 1649 efficiebatur,
920 1590 949 1636 et
967 1598 1037 1636 nus

96 1651 194 1726 uamf)
225 1661 288 1725 post
315 1653 426 1727 nuptias
449 1652 603 1708 celebratas
629 1653 690 1708 talis
717 1652 832 1709 donatio
855 1652 1037 1728 procedebat.

74 1670 135 1780 gad
155 1725 260 1800 primus
282 1725 394 1800 quidem
414 1725 492 1781 divus
510 1725 645 1797 lustinus,
672 1736 878 1800 paternoster,
902 1747 964 1784 curn
984 1745 1037 1783 au-

75 1798 136 1873 geri
162 1798 242 1854 dotes
267 1808 296 1853 et
317 1810 381 1875 post
400 1800 511 1874 nuptias
530 1799 622 1855 suerat
641 1799 825 1874 permissum,
852 1805 874 1855 si
895 1801 961 1876 quid
981 1800 1037 1857 tale

76 1872 217 1941 evenerit,
251 1872 333 1927 etiam
360 1885 425 1929 ante
450 1874 561 1947 nuptias
586 1873 765 1929 donationem
792 1874 888 1948 augeri
915 1885 944 1930 et
967 1892 1037 1930 con-

74 1954 169 2002 stante
195 1947 371 2002 matrimonio
397 1965 447 2002 sua
471 1947 666 2003 constitutione
692 1947 834 2022 permisit3
867 1946 916 2002 sed
942 1956 1035 2003 tamen

75 2037 179 2076 nomen
202 2019 397 2076 inconvenieus
421 2021 600 2090 remanebat,
626 2039 688 2076 cum
708 2031 773 2078 ante
791 2020 902 2095 nuptias
922 2020 1037 2096 quidem

76 2095 243 2166 vocabatur,
264 2103 328 2166 post
346 2093 455 2168 nuptias
472 2104 565 2150 autern
585 2093 640 2150 tale
656 2095 810 2169 accipiebat
825 2095 1035 2150 incrementum.

75 2165 135 2223 Sed
162 2161 229 2239 rios,
256 2167 414 2243 plenissimo
440 2167 488 2222 fini
515 2167 626 2224 tradere
644 2171 799 2225 sanctiones
818 2168 981 2242 cupientes,
1007 2178 1036 2224 et

76 2240 274 2316 consequentia
295 2241 407 2298 nomina
425 2243 507 2297 rebus
527 2259 587 2298 esse
607 2242 759 2314 studentes,
779 2241 983 2315 constituimus,
1006 2253 1036 2298 ut

74 2313 147 2370 tales
172 2313 337 2372 donationes
363 2333 417 2372 uon
445 2327 601 2402 augeantur
621 2327 745 2388 tantum,
772 2315 821 2372 sed
843 2324 871 2372 ct
891 2325 1036 2373 constante

74 2387 253 2444 matrimonio
280 2388 386 2445 initium
411 2389 570 2462 acciprant,
601 2399 629 2444 et
655 2409 710 2445 uon
739 2400 803 2445 ante
831 2391 959 2464 nuptias,
986 2389 1036 2445 sed

75 2474 194 2537 propter
221 2463 333 2591 nuptias
358 2473 511 2534 vocentur,
538 2475 566 2519 et
584 2462 694 2520 dotibus
712 2463 741 2519 in
761 2463 815 2521 boc
834 2472 1036 2539 exaequentur,

77 2547 124 2608 nt,
151 2553 252 2610 querna
274 2536 385 2592 modurn
407 2536 487 2594 dotes
508 2547 536 2592 et
556 2547 698 2596 constante
718 2538 893 2593 matrimonio
913 2556 968 2594 nou
988 2555 1036 2592 vo-

76 2610 134 2665 lum
154 2621 300 2684 augentur,
320 2610 368 2666 sed
388 2611 471 2666 etiam
487 2610 566 2682 fiunt,
585 2611 624 2666 ita
642 2623 671 2667 et
686 2612 755 2667 istac
770 2612 944 2682 donationes,
962 2627 1037 2740 qrrae

76 2693 194 2759 propter
219 2685 332 2758 nuptias
358 2684 532 2741 introductae
560 2694 639 2752 stunt,
671 2703 728 2740 non
753 2685 842 2741 solnm
869 2695 967 2741 antece
988 2694 1036 2740 ant

75 2757 298 2843 rnatrimouiun‘r‚
316 2758 365 2813 sed
385 2759 468 2814 etiarn
487 2775 522 2814 eo
541 2769 682 2814 contracto
699 2768 727 2814 et
746 2769 902 2832 augeantur
920 2768 948 2813 et
967 2775 1036 2812 cou-

76 2841 232 2888 strtuautur.

133 2903 203 2960 Erat
219 2903 282 2960 olim
304 2913 332 2960 et
348 2902 417 2960 alius
436 2904 535 2960 modus
555 2903 639 2958 civilis
656 2903 843 2978 acquisitionis
859 2921 913 3033 per
929 2903 971 2960 ius
986 2914 1066 2960 asc-s

76 2978 233 3050 crescendi,
254 2977 329 3107 quod
349 2989 391 3034 est
407 2979 479 3036 tale:
498 2979 521 3033 si
540 2996 713 3033 communem
733 2994 842 3032 servum
868 2978 965 3033 tabens
984 2978 1037 3034 ali-

76 3052 139 3127 quis
167 3071 229 3108 cum
248 3051 257 3071 '
277 3052 326 3107 itio
349 3051 424 3107 solus
449 3053 604 3107 libertatem
625 3051 651 3106 ei
670 3051 818 3125 imposuit,
844 3051 886 3108 vel
907 3051 1036 3123 vindicta,
1088 3086 1091 3092 -

76 3127 120 3181 vel
146 3134 334 3197 testamento,
362 3144 396 3181 eo
423 3143 488 3181 casn
516 3143 581 3199 pars
608 3125 667 3180 eius
693 3125 885 3198 emittebatur,
912 3135 940 3181 et
960 3126 1036 3182 socio

74 3201 260 3258 accrescebat.
298 3198 356 3255 Sed
377 3218 439 3254 cum
459 3201 606 3274 pessimum
625 3199 718 3254 iuerat
735 3199 881 3275 exemplo,
903 3210 931 3255 et
950 3198 1036 3255 liber-

134 3377 327 3430 mercenarius,
341 3376 505 3429 praestaturus.
521 3396 548 3406 -
575 3372 594 3424 l)
609 3383 737 3428 murata.

105 3501 129 3549 8)
147 3501 241 3552 traam.
262 3501 316 3544 vat.
336 3499 388 3544 2⁴9.
413 3500 466 3544 266.
488 3500 540 3544 268.
576 3504 670 3552 aragus.
686 3494 741 3544 vat.
756 3499 809 3542 ste.
826 3497 879 3542 2⁷5.
907 3498 934 3542 c.
949 3499 991 3541 '1¹tr.
1007 3498 1037 3541 de

75 3558 104 3601 c.
117 3558 160 3600 'l'lu
174 3557 204 3600 de
218 3557 325 3609 sponsal.
336 3559 377 3608 111,
386 3558 410 3600 ὃ,
425 3557 498 3599 1.1,8.
515 3556 540 3600 C.
576 3565 655 3600 revoc.
672 3555 751 3600 donat.
763 3555 826 3608 vm,
844 3555 881 3598 ta.
911 3554 937 3599 c.
952 3556 971 3600 1.
985 3555 1036 3600 eod.

74 3616 120 3657 'l'lu
133 3615 156 3658 lt.
171 3615 187 3658 1.
197 3615 246 3658 Μ).
255 3613 309 3658 tus.
325 3613 351 3657 C.
364 3616 384 3656 1.
397 3615 419 3655 tr.
435 3614 450 3656 l.
459 3611 541 3656 223⁰.
575 3611 684 3666 vitanti.
699 3631 727 3646 -
754 3613 789 3663 ts)
801 3611 828 3656 c.
843 3611 874 3652 de
888 3611 968 3654 donat.
981 3614 1042 3654 aute

73 3672 115 3714 36.
138 3691 166 3702 ·-
193 3669 218 3722 s)
234 3671 259 3714 O.
275 3673 297 3713 lt.
319 3668 541 3712 1.at.aa.at.-
575 3673 641 3721 nupt.
656 3669 686 3722 V,
702 3669 724 3712 3.
747 3669 762 3710 l.
781 3666 816 3711 19.
832 3666 884 3720 til,
907 3667 969 3710 adde
984 3667 1037 3712 end.

77 3728 117 3777 ιθ)
134 3726 159 3772 C.
181 3727 210 3769 de
229 3736 309 3769 revoc.
324 3727 407 3768 donat.
424 3725 485 3774 vul,
501 3725 540 3768 56.
575 3728 592 3769 l.
609 3725 646 3768 tt.
663 3725 699 3771 te,
713 3744 741 3756 -
771 3725 809 3776 ta)
825 3723 851 3768 C.
866 3723 896 3780 V,
912 3723 934 3767 a
949 3724 965 3768 l.
980 3725 1017 3770 1³.

73 3786 90 3828 l.
104 3781 138 3826 10.
153 3801 183 3817 ο
214 3785 252 3834 ll)
266 3785 357 3827 seneen
372 3777 450 3824 berlei.
465 3781 506 3837 Ill,
517 3781 539 3825 6.
