<?xml version="1.0" encoding="UTF-8"?>
<!DOCTYPE html PUBLIC "-//W3C//DTD XHTML 1.0 Transitional//EN"
    "http://www.w3.org/TR/xhtml1/DTD/xhtml1-transitional.dtd">
<html xmlns="http://www.w3.org/1999/xhtml" xml:lang="en" lang="en">
 <head>
  <title>
</title>
<meta http-equiv="Content-Type" content="text/html;charset=utf-8" />
  <meta name='ocr-system' content='tesseract 3.04.00' />
  <meta name='ocr-capabilities' content='ocr_page ocr_carea ocr_par ocr_line ocrx_word'/>
</head>
<body>
  <div class='ocr_page' id='page_1' title='image "./imperatorisjust00schrgoog_0161.png"; bbox 0 0 2566 4344; ppageno 0'>
   <div class='ocr_carea' id='block_1_1' title="bbox 266 323 1230 407">
    <p class='ocr_par' dir='ltr' id='par_1_1' title="bbox 266 323 1230 407">
     <span class='ocr_line' id='line_1_1' title="bbox 266 323 1230 407; baseline -0.001 -22"><span class='ocrx_word' id='word_1_1' title='bbox 266 325 331 398; x_wconf 70' lang='lat' dir='ltr'>m</span> <span class='ocrx_word' id='word_1_2' title='bbox 376 327 527 386; x_wconf 78' lang='lat' dir='ltr'>laartrur.</span> <span class='ocrx_word' id='word_1_3' title='bbox 558 324 606 384; x_wconf 78' lang='lat' dir='ltr'>Dc</span> <span class='ocrx_word' id='word_1_4' title='bbox 619 343 710 386; x_wconf 78' lang='lat' dir='ltr'>emer.</span> <span class='ocrx_word' id='word_1_5' title='bbox 722 343 760 386; x_wconf 81' lang='lat' dir='ltr'>nr</span> <span class='ocrx_word' id='word_1_6' title='bbox 770 341 869 384; x_wconf 74' lang='lat' dir='ltr'>varen.</span> <span class='ocrx_word' id='word_1_7' title='bbox 882 323 939 396; x_wconf 86' lang='grc' dir='ltr'>ΙΙΙ,</span> <span class='ocrx_word' id='word_1_8' title='bbox 951 329 1002 384; x_wconf 69' lang='lat'>2³.</span> <span class='ocrx_word' id='word_1_9' title='bbox 1013 324 1098 405; x_wconf 64' lang='grc' dir='ltr'>(ΙΙ.)</span> <span class='ocrx_word' id='word_1_10' title='bbox 1113 323 1149 407; x_wconf 65' lang='lat'>§-</span> <span class='ocrx_word' id='word_1_11' title='bbox 1162 331 1190 382; x_wconf 89' lang='lat' dir='ltr'>l.</span> <span class='ocrx_word' id='word_1_12' title='bbox 1203 329 1230 384; x_wconf 73' lang='grc' dir='ltr'>Ι.</span> 
     </span>
    </p>
   </div>
   <div class='ocr_carea' id='block_1_2' title="bbox 225 473 1262 3276">
    <p class='ocr_par' dir='ltr' id='par_1_2' title="bbox 225 473 1262 3276">
     <span class='ocr_line' id='line_1_2' title="bbox 264 473 1232 553; baseline -0.006 -19"><span class='ocrx_word' id='word_1_13' title='bbox 264 477 291 534; x_wconf 88' lang='lat' dir='ltr'>si</span> <span class='ocrx_word' id='word_1_14' title='bbox 308 495 361 553; x_wconf 88' lang='lat' dir='ltr'>per</span> <span class='ocrx_word' id='word_1_15' title='bbox 378 475 557 534; x_wconf 78' lang='lat' dir='ltr'><strong>tabellionem</strong></span> <span class='ocrx_word' id='word_1_16' title='bbox 578 475 663 544; x_wconf 88' lang='lat' dir='ltr'>liant,</span> <span class='ocrx_word' id='word_1_17' title='bbox 684 475 735 532; x_wconf 84' lang='lat' dir='ltr'>nisi</span> <span class='ocrx_word' id='word_1_18' title='bbox 754 485 784 532; x_wconf 90' lang='lat' dir='ltr'>et</span> <span class='ocrx_word' id='word_1_19' title='bbox 799 474 1001 550; x_wconf 87' lang='lat' dir='ltr'>cornpletiones</span> <span class='ocrx_word' id='word_1_20' title='bbox 1019 473 1193 548; x_wconf 80' lang='lat' dir='ltr'>acceperint,</span> <span class='ocrx_word' id='word_1_21' title='bbox 1209 484 1232 529; x_wconf 84' lang='lat' dir='ltr'>ct</span> 
     </span>
     <span class='ocr_line' id='line_1_3' title="bbox 265 546 1231 625; baseline -0.006 -17"><span class='ocrx_word' id='word_1_22' title='bbox 265 551 371 609; x_wconf 74' lang='lat' dir='ltr'>luerint</span> <span class='ocrx_word' id='word_1_23' title='bbox 390 549 517 625; x_wconf 86' lang='lat' dir='ltr'>partibus</span> <span class='ocrx_word' id='word_1_24' title='bbox 536 549 673 606; x_wconf 85' lang='lat' dir='ltr'>absoluta.</span> <span class='ocrx_word' id='word_1_25' title='bbox 696 549 789 606; x_wconf 89' lang='lat' dir='ltr'>donec</span> <span class='ocrx_word' id='word_1_26' title='bbox 806 547 882 612; x_wconf 85' lang='lat' dir='ltr'>enim</span> <span class='ocrx_word' id='word_1_27' title='bbox 898 547 1003 624; x_wconf 86' lang='lat' dir='ltr'>aliquid</span> <span class='ocrx_word' id='word_1_28' title='bbox 1021 566 1058 605; x_wconf 82' lang='lat' dir='ltr'>ex</span> <span class='ocrx_word' id='word_1_29' title='bbox 1077 547 1120 603; x_wconf 78' lang='lat' dir='ltr'>liis</span> <span class='ocrx_word' id='word_1_30' title='bbox 1142 546 1231 618; x_wconf 83' lang='lat' dir='ltr'>deest,</span> 
     </span>
     <span class='ocr_line' id='line_1_4' title="bbox 267 621 1233 702; baseline -0.006 -21"><span class='ocrx_word' id='word_1_31' title='bbox 267 633 297 682; x_wconf 87' lang='lat' dir='ltr'>et</span> <span class='ocrx_word' id='word_1_32' title='bbox 320 623 511 702; x_wconf 88' lang='lat' dir='ltr'>poenitentiae</span> <span class='ocrx_word' id='word_1_33' title='bbox 536 622 613 680; x_wconf 87' lang='lat' dir='ltr'>locus</span> <span class='ocrx_word' id='word_1_34' title='bbox 640 632 700 690; x_wconf 87' lang='lat' dir='ltr'>est,</span> <span class='ocrx_word' id='word_1_35' title='bbox 728 632 757 678; x_wconf 86' lang='lat' dir='ltr'>et</span> <span class='ocrx_word' id='word_1_36' title='bbox 783 632 877 698; x_wconf 90' lang='lat' dir='ltr'>potest</span> <span class='ocrx_word' id='word_1_37' title='bbox 905 633 1017 698; x_wconf 78' lang='lat' dir='ltr'>emptor</span> <span class='ocrx_word' id='word_1_38' title='bbox 1042 621 1085 677; x_wconf 89' lang='lat' dir='ltr'>vel</span> <span class='ocrx_word' id='word_1_39' title='bbox 1108 621 1233 678; x_wconf 87' lang='lat' dir='ltr'>venditor</span> 
     </span>
     <span class='ocr_line' id='line_1_5' title="bbox 265 695 1233 773; baseline -0.006 -17"><span class='ocrx_word' id='word_1_40' title='bbox 265 699 328 756; x_wconf 89' lang='lat' dir='ltr'>sine</span> <span class='ocrx_word' id='word_1_41' title='bbox 351 713 445 773; x_wconf 81' lang='lat' dir='ltr'>poena</span> <span class='ocrx_word' id='word_1_42' title='bbox 464 695 599 754; x_wconf 86' lang='lat' dir='ltr'>recedere</span> <span class='ocrx_word' id='word_1_43' title='bbox 625 697 662 754; x_wconf 93' lang='lat' dir='ltr'>sb</span> <span class='ocrx_word' id='word_1_44' title='bbox 688 696 840 771; x_wconf 86' lang='lat' dir='ltr'>emptione.</span> <span class='ocrx_word' id='word_1_45' title='bbox 879 695 918 751; x_wconf 88' lang='lat' dir='ltr'>ita</span> <span class='ocrx_word' id='word_1_46' title='bbox 937 705 1031 752; x_wconf 88' lang='lat' dir='ltr'>tamen</span> <span class='ocrx_word' id='word_1_47' title='bbox 1052 695 1175 771; x_wconf 89' lang='lat' dir='ltr'>impune</span> <span class='ocrx_word' id='word_1_48' title='bbox 1194 713 1233 750; x_wconf 87' lang='lat' dir='ltr'>re·</span> 
     </span>
     <span class='ocr_line' id='line_1_6' title="bbox 237 769 1232 844; baseline -0.012 -10"><span class='ocrx_word' id='word_1_49' title='bbox 237 771 370 834; x_wconf 84' lang='lat' dir='ltr'>.cedere</span> <span class='ocrx_word' id='word_1_50' title='bbox 396 771 437 828; x_wconf 85' lang='lat' dir='ltr'>eis</span> <span class='ocrx_word' id='word_1_51' title='bbox 461 770 656 843; x_wconf 89' lang='lat' dir='ltr'>concedimus,</span> <span class='ocrx_word' id='word_1_52' title='bbox 685 771 738 828; x_wconf 88' lang='lat' dir='ltr'>nisi</span> <span class='ocrx_word' id='word_1_53' title='bbox 763 770 819 826; x_wconf 85' lang='lat' dir='ltr'>iam</span> <span class='ocrx_word' id='word_1_54' title='bbox 845 787 972 826; x_wconf 85' lang='lat' dir='ltr'>arrarum</span> <span class='ocrx_word' id='word_1_55' title='bbox 995 769 1109 826; x_wconf 86' lang='lat' dir='ltr'>nomine</span> <span class='ocrx_word' id='word_1_56' title='bbox 1132 769 1232 844; x_wconf 85' lang='lat' dir='ltr'>aliquid</span> 
     </span>
     <span class='ocr_line' id='line_1_7' title="bbox 267 842 1234 917; baseline -0.005 -14"><span class='ocrx_word' id='word_1_57' title='bbox 267 845 354 903; x_wconf 83' lang='lat' dir='ltr'>fuerit</span> <span class='ocrx_word' id='word_1_58' title='bbox 372 844 487 902; x_wconf 89' lang='lat' dir='ltr'>datum:</span> <span class='ocrx_word' id='word_1_59' title='bbox 514 842 568 900; x_wconf 90' lang='lat' dir='ltr'>hoc</span> <span class='ocrx_word' id='word_1_60' title='bbox 588 844 690 901; x_wconf 80' lang='lat' dir='ltr'>etenim</span> <span class='ocrx_word' id='word_1_61' title='bbox 712 844 883 916; x_wconf 87' lang='lat' dir='ltr'>subsecuto,</span> <span class='ocrx_word' id='word_1_62' title='bbox 904 843 1010 902; x_wconf 87' lang='lat' dir='ltr'>sivein</span> <span class='ocrx_word' id='word_1_63' title='bbox 1029 842 1165 917; x_wconf 86' lang='lat' dir='ltr'>scriptis,</span> <span class='ocrx_word' id='word_1_64' title='bbox 1184 845 1234 900; x_wconf 89' lang='lat' dir='ltr'>sive</span> 
     </span>
     <span class='ocr_line' id='line_1_8' title="bbox 249 915 1234 994; baseline 0.001 -22"><span class='ocrx_word' id='word_1_65' title='bbox 249 920 329 976; x_wconf 35' lang='lat' dir='ltr'>,sine</span> <span class='ocrx_word' id='word_1_66' title='bbox 352 917 462 992; x_wconf 86' lang='lat' dir='ltr'>scriptis</span> <span class='ocrx_word' id='word_1_67' title='bbox 481 917 604 975; x_wconf 80' lang='lat' dir='ltr'>venditio</span> <span class='ocrx_word' id='word_1_68' title='bbox 626 917 768 975; x_wconf 88' lang='lat' dir='ltr'>celebrata</span> <span class='ocrx_word' id='word_1_69' title='bbox 787 927 851 990; x_wconf 89' lang='lat' dir='ltr'>est,</span> <span class='ocrx_word' id='word_1_70' title='bbox 877 919 916 989; x_wconf 93' lang='lat' dir='ltr'>is,</span> <span class='ocrx_word' id='word_1_71' title='bbox 942 915 991 994; x_wconf 89' lang='lat' dir='ltr'>qui</span> <span class='ocrx_word' id='word_1_72' title='bbox 1011 926 1125 974; x_wconf 83' lang='lat' dir='ltr'>recusat</span> <span class='ocrx_word' id='word_1_73' title='bbox 1146 916 1234 973; x_wconf 83' lang='lat' dir='ltr'>arlin-</span> 
     </span>
     <span class='ocr_line' id='line_1_9' title="bbox 290 990 1234 1069; baseline -0.004 -19"><span class='ocrx_word' id='word_1_74' title='bbox 290 993 348 1050; x_wconf 88' lang='lat' dir='ltr'>lere</span> <span class='ocrx_word' id='word_1_75' title='bbox 367 1000 562 1065; x_wconf 90' lang='lat' dir='ltr'>contractum,</span> <span class='ocrx_word' id='word_1_76' title='bbox 583 992 607 1048; x_wconf 87' lang='lat' dir='ltr'>si</span> <span class='ocrx_word' id='word_1_77' title='bbox 625 990 738 1069; x_wconf 89' lang='lat' dir='ltr'>quidem</span> <span class='ocrx_word' id='word_1_78' title='bbox 759 1002 869 1067; x_wconf 81' lang='lat' dir='ltr'>emptor</span> <span class='ocrx_word' id='word_1_79' title='bbox 884 997 947 1064; x_wconf 60' lang='lat' dir='ltr'>jest,</span> <span class='ocrx_word' id='word_1_80' title='bbox 968 991 1069 1066; x_wconf 83' lang='lat' dir='ltr'>perdit,</span> <span class='ocrx_word' id='word_1_81' title='bbox 1088 991 1174 1066; x_wconf 88' lang='lat' dir='ltr'>quod</span> <span class='ocrx_word' id='word_1_82' title='bbox 1190 991 1234 1046; x_wconf 87' lang='lat' dir='ltr'>de-</span> 
     </span>
     <span class='ocr_line' id='line_1_10' title="bbox 269 1010 1233 1140; baseline -0.005 -16"><span class='ocrx_word' id='word_1_83' title='bbox 269 1010 328 1136; x_wconf 70' lang='lat' dir='ltr'>dit,</span> <span class='ocrx_word' id='word_1_84' title='bbox 353 1066 376 1122; x_wconf 88' lang='lat' dir='ltr'>si</span> <span class='ocrx_word' id='word_1_85' title='bbox 393 1084 460 1124; x_wconf 87' lang='lat' dir='ltr'>vero</span> <span class='ocrx_word' id='word_1_86' title='bbox 478 1067 624 1134; x_wconf 81' lang='lat' dir='ltr'>venditor,</span> <span class='ocrx_word' id='word_1_87' title='bbox 647 1064 764 1140; x_wconf 89' lang='lat' dir='ltr'>duplum</span> <span class='ocrx_word' id='word_1_88' title='bbox 784 1066 930 1122; x_wconf 77' lang='lat' dir='ltr'>restituere</span> <span class='ocrx_word' id='word_1_89' title='bbox 949 1063 1151 1140; x_wconf 82' lang='lat' dir='ltr'>compellitur,</span> <span class='ocrx_word' id='word_1_90' title='bbox 1180 1065 1233 1120; x_wconf 88' lang='lat' dir='ltr'>licet</span> 
     </span>
     <span class='ocr_line' id='line_1_11' title="bbox 244 1137 1232 1215; baseline -0.005 -17"><span class='ocrx_word' id='word_1_91' title='bbox 244 1139 339 1198; x_wconf 82' lang='lat' dir='ltr'>lnilril</span> <span class='ocrx_word' id='word_1_92' title='bbox 359 1157 445 1215; x_wconf 87' lang='lat' dir='ltr'>super</span> <span class='ocrx_word' id='word_1_93' title='bbox 464 1141 534 1196; x_wconf 86' lang='lat' dir='ltr'>arris</span> <span class='ocrx_word' id='word_1_94' title='bbox 553 1157 717 1215; x_wconf 82' lang='lat' dir='ltr'>expressum</span> <span class='ocrx_word' id='word_1_95' title='bbox 735 1148 779 1200; x_wconf 86' lang='lat' dir='ltr'>est</span> <span class='ocrx_word' id='word_1_96' title='bbox 789 1140 827 1212; x_wconf 59' lang='grc' dir='ltr'>Ι).</span> <span class='ocrx_word' id='word_1_97' title='bbox 870 1137 995 1196; x_wconf 81' lang='lat' dir='ltr'>Pretium</span> <span class='ocrx_word' id='word_1_98' title='bbox 1016 1148 1113 1196; x_wconf 84' lang='lat' dir='ltr'>autem</span> <span class='ocrx_word' id='word_1_99' title='bbox 1135 1139 1232 1196; x_wconf 88' lang='lat' dir='ltr'>consti-</span> 
     </span>
     <span class='ocr_line' id='line_1_12' title="bbox 225 1211 1231 1289; baseline -0.011 -12"><span class='ocrx_word' id='word_1_100' title='bbox 225 1211 314 1276; x_wconf 74' lang='lat' dir='ltr'>citui</span> <span class='ocrx_word' id='word_1_101' title='bbox 332 1223 462 1289; x_wconf 86' lang='lat' dir='ltr'>oportet:</span> <span class='ocrx_word' id='word_1_102' title='bbox 481 1231 546 1271; x_wconf 85' lang='lat' dir='ltr'>narn</span> <span class='ocrx_word' id='word_1_103' title='bbox 565 1213 641 1271; x_wconf 80' lang='lat' dir='ltr'>nulla</span> <span class='ocrx_word' id='word_1_104' title='bbox 662 1214 767 1287; x_wconf 88' lang='lat' dir='ltr'>emptio</span> <span class='ocrx_word' id='word_1_105' title='bbox 784 1215 844 1270; x_wconf 88' lang='lat' dir='ltr'>sine</span> <span class='ocrx_word' id='word_1_106' title='bbox 860 1213 951 1288; x_wconf 88' lang='lat' dir='ltr'>pretio</span> <span class='ocrx_word' id='word_1_107' title='bbox 964 1229 1026 1270; x_wconf 86' lang='lat' dir='ltr'>esse</span> <span class='ocrx_word' id='word_1_108' title='bbox 1041 1221 1153 1288; x_wconf 83' lang='lat' dir='ltr'>potest.</span> <span class='ocrx_word' id='word_1_109' title='bbox 1182 1211 1231 1270; x_wconf 84' lang='lat' dir='ltr'>Sel</span> 
     </span>
     <span class='ocr_line' id='line_1_13' title="bbox 249 1285 1231 1363; baseline -0.007 -16"><span class='ocrx_word' id='word_1_110' title='bbox 249 1299 302 1348; x_wconf 86' lang='lat' dir='ltr'>--et</span> <span class='ocrx_word' id='word_1_111' title='bbox 326 1298 432 1346; x_wconf 87' lang='lat' dir='ltr'>certum</span> <span class='ocrx_word' id='word_1_112' title='bbox 460 1289 580 1363; x_wconf 85' lang='lat' dir='ltr'>pretium</span> <span class='ocrx_word' id='word_1_113' title='bbox 606 1305 667 1344; x_wconf 85' lang='lat' dir='ltr'>esse</span> <span class='ocrx_word' id='word_1_114' title='bbox 687 1287 783 1344; x_wconf 88' lang='lat' dir='ltr'>debet.</span> <span class='ocrx_word' id='word_1_115' title='bbox 820 1286 961 1363; x_wconf 88' lang='lat' dir='ltr'>alioquin,</span> <span class='ocrx_word' id='word_1_116' title='bbox 985 1287 1008 1343; x_wconf 92' lang='lat' dir='ltr'>si</span> <span class='ocrx_word' id='word_1_117' title='bbox 1031 1287 1070 1342; x_wconf 89' lang='lat' dir='ltr'>ita</span> <span class='ocrx_word' id='word_1_118' title='bbox 1092 1286 1172 1344; x_wconf 90' lang='lat' dir='ltr'>inter</span> <span class='ocrx_word' id='word_1_119' title='bbox 1189 1285 1231 1342; x_wconf 91' lang='lat' dir='ltr'>ali·</span> 
     </span>
     <span class='ocr_line' id='line_1_14' title="bbox 273 1360 1229 1451; baseline -0.005 -31"><span class='ocrx_word' id='word_1_120' title='bbox 273 1380 344 1451; x_wconf 88' lang='lat' dir='ltr'>quos</span> <span class='ocrx_word' id='word_1_121' title='bbox 362 1361 538 1434; x_wconf 87' lang='lat' dir='ltr'>convenerit,</span> <span class='ocrx_word' id='word_1_122' title='bbox 565 1369 611 1429; x_wconf 89' lang='lat' dir='ltr'>ut,</span> <span class='ocrx_word' id='word_1_123' title='bbox 632 1360 730 1436; x_wconf 88' lang='lat' dir='ltr'>quanti</span> <span class='ocrx_word' id='word_1_124' title='bbox 748 1360 841 1418; x_wconf 89' lang='lat' dir='ltr'>Titius</span> <span class='ocrx_word' id='word_1_125' title='bbox 861 1378 921 1417; x_wconf 92' lang='lat' dir='ltr'>rem</span> <span class='ocrx_word' id='word_1_126' title='bbox 941 1360 1152 1434; x_wconf 75' lang='lat' dir='ltr'>aestimaverit,</span> <span class='ocrx_word' id='word_1_127' title='bbox 1172 1360 1229 1416; x_wconf 84' lang='lat' dir='ltr'>tanti</span> 
     </span>
     <span class='ocr_line' id='line_1_15' title="bbox 272 1433 1229 1511; baseline -0.006 -17"><span class='ocrx_word' id='word_1_128' title='bbox 272 1447 309 1494; x_wconf 81' lang='lat' dir='ltr'>art</span> <span class='ocrx_word' id='word_1_129' title='bbox 332 1445 444 1511; x_wconf 77' lang='lat' dir='ltr'>emptas</span> <span class='ocrx_word' id='word_1_130' title='bbox 471 1435 543 1490; x_wconf 86' lang='lat' dir='ltr'>inter</span> <span class='ocrx_word' id='word_1_131' title='bbox 565 1445 671 1492; x_wconf 73' lang='lat' dir='ltr'>ueteres</span> <span class='ocrx_word' id='word_1_132' title='bbox 697 1435 765 1492; x_wconf 87' lang='lat' dir='ltr'>satis</span> <span class='ocrx_word' id='word_1_133' title='bbox 783 1434 952 1511; x_wconf 78' lang='lat' dir='ltr'>abundeque</span> <span class='ocrx_word' id='word_1_134' title='bbox 973 1434 1028 1491; x_wconf 91' lang='lat' dir='ltr'>boc</span> <span class='ocrx_word' id='word_1_135' title='bbox 1045 1433 1229 1503; x_wconf 84' lang='lat' dir='ltr'>dubitabatur,</span> 
     </span>
     <span class='ocr_line' id='line_1_16' title="bbox 272 1507 1230 1576; baseline -0.003 -9"><span class='ocrx_word' id='word_1_136' title='bbox 272 1511 331 1568; x_wconf 88' lang='lat' dir='ltr'>sive</span> <span class='ocrx_word' id='word_1_137' title='bbox 351 1517 460 1564; x_wconf 86' lang='lat' dir='ltr'>constat</span> <span class='ocrx_word' id='word_1_138' title='bbox 477 1507 617 1576; x_wconf 81' lang='lat' dir='ltr'>venditio,</span> <span class='ocrx_word' id='word_1_139' title='bbox 635 1508 692 1565; x_wconf 89' lang='lat' dir='ltr'>sive</span> <span class='ocrx_word' id='word_1_140' title='bbox 711 1527 778 1565; x_wconf 91' lang='lat' dir='ltr'>non.</span> <span class='ocrx_word' id='word_1_141' title='bbox 814 1507 865 1566; x_wconf 88' lang='lat' dir='ltr'>sed</span> <span class='ocrx_word' id='word_1_142' title='bbox 885 1518 980 1565; x_wconf 80' lang='lat' dir='ltr'>nostra</span> <span class='ocrx_word' id='word_1_143' title='bbox 999 1507 1107 1566; x_wconf 83' lang='lat' dir='ltr'>decisio</span> <span class='ocrx_word' id='word_1_144' title='bbox 1130 1509 1170 1566; x_wconf 89' lang='lat' dir='ltr'>ita</span> <span class='ocrx_word' id='word_1_145' title='bbox 1187 1508 1230 1564; x_wconf 82' lang='lat' dir='ltr'>luc</span> 
     </span>
     <span class='ocr_line' id='line_1_17' title="bbox 272 1581 1229 1658; baseline -0.002 -20"><span class='ocrx_word' id='word_1_146' title='bbox 272 1581 431 1652; x_wconf 88' lang='lat' dir='ltr'>constituit,</span> <span class='ocrx_word' id='word_1_147' title='bbox 458 1589 505 1649; x_wconf 92' lang='lat' dir='ltr'>ut,</span> <span class='ocrx_word' id='word_1_148' title='bbox 532 1581 660 1657; x_wconf 92' lang='lat' dir='ltr'>quotiens</span> <span class='ocrx_word' id='word_1_149' title='bbox 685 1581 725 1638; x_wconf 90' lang='lat' dir='ltr'>sio</span> <span class='ocrx_word' id='word_1_150' title='bbox 747 1581 902 1657; x_wconf 83' lang='lat' dir='ltr'>composite</span> <span class='ocrx_word' id='word_1_151' title='bbox 925 1583 960 1637; x_wconf 90' lang='lat' dir='ltr'>sit</span> <span class='ocrx_word' id='word_1_152' title='bbox 980 1581 1125 1655; x_wconf 78' lang='lat' dir='ltr'>venditio,</span> <span class='ocrx_word' id='word_1_153' title='bbox 1151 1582 1229 1658; x_wconf 63' lang='lat' dir='ltr'>munli</span> 
     </span>
     <span class='ocr_line' id='line_1_18' title="bbox 273 1654 1228 1728; baseline -0.003 -16"><span class='ocrx_word' id='word_1_154' title='bbox 273 1654 318 1712; x_wconf 73' lang='lat' dir='ltr'>itte</span> <span class='ocrx_word' id='word_1_155' title='bbox 336 1655 533 1723; x_wconf 68' lang='lat' dir='ltr'>nonnum,</span> <span class='ocrx_word' id='word_1_156' title='bbox 558 1655 610 1710; x_wconf 88' lang='lat' dir='ltr'>sub</span> <span class='ocrx_word' id='word_1_157' title='bbox 631 1654 685 1710; x_wconf 87' lang='lat' dir='ltr'>bac</span> <span class='ocrx_word' id='word_1_158' title='bbox 704 1655 868 1713; x_wconf 88' lang='lat' dir='ltr'>condicione</span> <span class='ocrx_word' id='word_1_159' title='bbox 887 1664 975 1712; x_wconf 86' lang='lat' dir='ltr'>staret</span> <span class='ocrx_word' id='word_1_160' title='bbox 994 1664 1180 1728; x_wconf 85' lang='lat' dir='ltr'>contractus,</span> <span class='ocrx_word' id='word_1_161' title='bbox 1199 1663 1228 1723; x_wconf 89' lang='lat' dir='ltr'>ut,</span> 
     </span>
     <span class='ocr_line' id='line_1_19' title="bbox 272 1727 1228 1859; baseline -0.002 -73"><span class='ocrx_word' id='word_1_162' title='bbox 272 1729 296 1786; x_wconf 91' lang='lat' dir='ltr'>si</span> <span class='ocrx_word' id='word_1_163' title='bbox 315 1727 428 1859; x_wconf 78' lang='lat' dir='ltr'>quidem</span> <span class='ocrx_word' id='word_1_164' title='bbox 443 1727 514 1802; x_wconf 89' lang='lat' dir='ltr'>ipse,</span> <span class='ocrx_word' id='word_1_165' title='bbox 533 1729 580 1803; x_wconf 89' lang='lat' dir='ltr'>qui</span> <span class='ocrx_word' id='word_1_166' title='bbox 599 1729 758 1786; x_wconf 88' lang='lat' dir='ltr'>nominatus</span> <span class='ocrx_word' id='word_1_167' title='bbox 773 1739 825 1803; x_wconf 90' lang='lat' dir='ltr'>est,</span> <span class='ocrx_word' id='word_1_168' title='bbox 844 1731 964 1806; x_wconf 89' lang='lat' dir='ltr'>pretium</span> <span class='ocrx_word' id='word_1_169' title='bbox 978 1728 1134 1803; x_wconf 84' lang='lat' dir='ltr'>definierit,</span> <span class='ocrx_word' id='word_1_170' title='bbox 1152 1730 1228 1786; x_wconf 90' lang='lat' dir='ltr'>omni-</span> 
     </span>
     <span class='ocr_line' id='line_1_20' title="bbox 272 1800 1228 1878; baseline -0.004 -18"><span class='ocrx_word' id='word_1_171' title='bbox 272 1819 319 1860; x_wconf 86' lang='lat' dir='ltr'>mo</span> <span class='ocrx_word' id='word_1_172' title='bbox 341 1800 529 1857; x_wconf 87' lang='lat' dir='ltr'>osecundum</span> <span class='ocrx_word' id='word_1_173' title='bbox 548 1801 609 1859; x_wconf 89' lang='lat' dir='ltr'>eius</span> <span class='ocrx_word' id='word_1_174' title='bbox 627 1803 849 1860; x_wconf 74' lang='lat' dir='ltr'>aestimationem</span> <span class='ocrx_word' id='word_1_175' title='bbox 868 1812 898 1860; x_wconf 94' lang='lat' dir='ltr'>et</span> <span class='ocrx_word' id='word_1_176' title='bbox 934 1804 1033 1859; x_wconf 91' lang='lat' dir='ltr'>retium</span> <span class='ocrx_word' id='word_1_177' title='bbox 1053 1805 1228 1878; x_wconf 81' lang='lat' dir='ltr'>persolvatur,</span> 
     </span>
     <span class='ocr_line' id='line_1_21' title="bbox 274 1821 1226 1952; baseline -0.003 -19"><span class='ocrx_word' id='word_1_178' title='bbox 274 1885 304 1933; x_wconf 90' lang='lat' dir='ltr'>et</span> <span class='ocrx_word' id='word_1_179' title='bbox 330 1892 375 1934; x_wconf 86' lang='lat' dir='ltr'>res</span> <span class='ocrx_word' id='word_1_180' title='bbox 401 1875 545 1943; x_wconf 88' lang='lat' dir='ltr'>tradatur,</span> <span class='ocrx_word' id='word_1_181' title='bbox 582 1874 649 1945; x_wconf 65' lang='lat' dir='ltr'>uti)</span> <span class='ocrx_word' id='word_1_182' title='bbox 675 1875 798 1933; x_wconf 90' lang='lat' dir='ltr'>venditio</span> <span class='ocrx_word' id='word_1_183' title='bbox 827 1875 864 1934; x_wconf 86' lang='lat' dir='ltr'>ad</span> <span class='ocrx_word' id='word_1_184' title='bbox 892 1821 1022 1934; x_wconf 66' lang='lat' dir='ltr'>edectum</span> <span class='ocrx_word' id='word_1_185' title='bbox 1052 1877 1226 1952; x_wconf 84' lang='lat' dir='ltr'>perducatur,</span> 
     </span>
     <span class='ocr_line' id='line_1_22' title="bbox 272 1948 1228 2026; baseline -0.005 -18"><span class='ocrx_word' id='word_1_186' title='bbox 272 1960 402 2026; x_wconf 87' lang='lat' dir='ltr'>emptore</span> <span class='ocrx_word' id='word_1_187' title='bbox 428 1948 541 2023; x_wconf 90' lang='lat' dir='ltr'>quidem</span> <span class='ocrx_word' id='word_1_188' title='bbox 566 1966 603 2005; x_wconf 86' lang='lat' dir='ltr'>ex</span> <span class='ocrx_word' id='word_1_189' title='bbox 629 1958 725 2025; x_wconf 91' lang='lat' dir='ltr'>empto</span> <span class='ocrx_word' id='word_1_190' title='bbox 754 1950 879 2024; x_wconf 88' lang='lat' dir='ltr'>actione,</span> <span class='ocrx_word' id='word_1_191' title='bbox 907 1950 1051 2008; x_wconf 86' lang='lat' dir='ltr'>venditore</span> <span class='ocrx_word' id='word_1_192' title='bbox 1080 1963 1178 2009; x_wconf 85' lang='lat' dir='ltr'>autem</span> <span class='ocrx_word' id='word_1_193' title='bbox 1201 1968 1228 2006; x_wconf 87' lang='lat' dir='ltr'>er</span> 
     </span>
     <span class='ocr_line' id='line_1_23' title="bbox 275 2023 1227 2098; baseline 0 -20"><span class='ocrx_word' id='word_1_194' title='bbox 275 2024 388 2083; x_wconf 89' lang='lat' dir='ltr'>vendito</span> <span class='ocrx_word' id='word_1_195' title='bbox 416 2032 529 2097; x_wconf 86' lang='lat' dir='ltr'>agente.</span> <span class='ocrx_word' id='word_1_196' title='bbox 567 2023 609 2079; x_wconf 90' lang='lat' dir='ltr'>sin</span> <span class='ocrx_word' id='word_1_197' title='bbox 636 2033 729 2080; x_wconf 88' lang='lat' dir='ltr'>autem</span> <span class='ocrx_word' id='word_1_198' title='bbox 759 2023 823 2098; x_wconf 91' lang='lat' dir='ltr'>ille,</span> <span class='ocrx_word' id='word_1_199' title='bbox 871 2025 900 2082; x_wconf 93' lang='lat' dir='ltr'>ui</span> <span class='ocrx_word' id='word_1_200' title='bbox 926 2025 1084 2082; x_wconf 87' lang='lat' dir='ltr'>nominatus</span> <span class='ocrx_word' id='word_1_201' title='bbox 1113 2036 1174 2094; x_wconf 88' lang='lat' dir='ltr'>est,</span> <span class='ocrx_word' id='word_1_202' title='bbox 1196 2023 1227 2079; x_wconf 87' lang='lat' dir='ltr'>rel</span> 
     </span>
     <span class='ocr_line' id='line_1_24' title="bbox 274 2043 1227 2174; baseline -0.003 -19"><span class='ocrx_word' id='word_1_203' title='bbox 274 2098 409 2169; x_wconf 90' lang='lat' dir='ltr'>noluerit,</span> <span class='ocrx_word' id='word_1_204' title='bbox 429 2095 471 2153; x_wconf 89' lang='lat' dir='ltr'>vel</span> <span class='ocrx_word' id='word_1_205' title='bbox 490 2114 545 2152; x_wconf 90' lang='lat' dir='ltr'>non</span> <span class='ocrx_word' id='word_1_206' title='bbox 563 2097 686 2172; x_wconf 89' lang='lat' dir='ltr'>potuerit</span> <span class='ocrx_word' id='word_1_207' title='bbox 706 2098 828 2174; x_wconf 87' lang='lat' dir='ltr'>pretium</span> <span class='ocrx_word' id='word_1_208' title='bbox 846 2043 984 2172; x_wconf 81' lang='lat' dir='ltr'>delinire,</span> <span class='ocrx_word' id='word_1_209' title='bbox 1005 2108 1073 2156; x_wconf 90' lang='lat' dir='ltr'>tunc</span> <span class='ocrx_word' id='word_1_210' title='bbox 1087 2117 1144 2174; x_wconf 87' lang='lat' dir='ltr'>pro</span> <span class='ocrx_word' id='word_1_211' title='bbox 1158 2099 1227 2156; x_wconf 88' lang='lat' dir='ltr'>nihilo</span> 
     </span>
     <span class='ocr_line' id='line_1_25' title="bbox 274 2169 1227 2249; baseline -0.003 -20"><span class='ocrx_word' id='word_1_212' title='bbox 274 2190 337 2230; x_wconf 90' lang='lat' dir='ltr'>esse</span> <span class='ocrx_word' id='word_1_213' title='bbox 363 2169 568 2239; x_wconf 87' lang='lat' dir='ltr'>venditionem,</span> <span class='ocrx_word' id='word_1_214' title='bbox 600 2171 680 2247; x_wconf 88' lang='lat' dir='ltr'>quasi</span> <span class='ocrx_word' id='word_1_215' title='bbox 705 2171 781 2228; x_wconf 91' lang='lat' dir='ltr'>nullo</span> <span class='ocrx_word' id='word_1_216' title='bbox 807 2172 898 2247; x_wconf 88' lang='lat' dir='ltr'>pretio</span> <span class='ocrx_word' id='word_1_217' title='bbox 927 2182 1042 2230; x_wconf 85' lang='lat' dir='ltr'>statuto.</span> <span class='ocrx_word' id='word_1_218' title='bbox 1083 2173 1164 2249; x_wconf 88' lang='lat' dir='ltr'>quod</span> <span class='ocrx_word' id='word_1_219' title='bbox 1188 2173 1227 2237; x_wconf 84' lang='lat' dir='ltr'>ius,</span> 
     </span>
     <span class='ocr_line' id='line_1_26' title="bbox 273 2243 1227 2304; baseline -0.003 -1"><span class='ocrx_word' id='word_1_220' title='bbox 273 2259 338 2303; x_wconf 83' lang='lat' dir='ltr'>&#39;cum</span> <span class='ocrx_word' id='word_1_221' title='bbox 363 2247 391 2300; x_wconf 92' lang='lat' dir='ltr'>iu</span> <span class='ocrx_word' id='word_1_222' title='bbox 411 2243 616 2300; x_wconf 80' lang='lat' dir='ltr'>venditionibus</span> <span class='ocrx_word' id='word_1_223' title='bbox 642 2244 723 2301; x_wconf 89' lang='lat' dir='ltr'>nobis</span> <span class='ocrx_word' id='word_1_224' title='bbox 762 2245 846 2302; x_wconf 86' lang='lat' dir='ltr'>lacuit</span> <span class='ocrx_word' id='word_1_225' title='bbox 892 2264 950 2302; x_wconf 92' lang='lat' dir='ltr'>non</span> <span class='ocrx_word' id='word_1_226' title='bbox 976 2257 1019 2304; x_wconf 90' lang='lat' dir='ltr'>est</span> <span class='ocrx_word' id='word_1_227' title='bbox 1038 2247 1191 2304; x_wconf 89' lang='lat' dir='ltr'>absurdum</span> <span class='ocrx_word' id='word_1_228' title='bbox 1207 2255 1227 2300; x_wconf 89' lang='lat' dir='ltr'>et</span> 
     </span>
     <span class='ocr_line' id='line_1_27' title="bbox 243 2263 1226 2397; baseline 0.001 -25"><span class='ocrx_word' id='word_1_229' title='bbox 243 2327 262 2372; x_wconf 69' lang='lat'><em>2</em></span> <span class='ocrx_word' id='word_1_230' title='bbox 274 2319 301 2375; x_wconf 91' lang='lat' dir='ltr'>in</span> <span class='ocrx_word' id='word_1_231' title='bbox 322 2317 505 2376; x_wconf 82' lang='lat' dir='ltr'>locationibus</span> <span class='ocrx_word' id='word_1_232' title='bbox 521 2328 549 2374; x_wconf 90' lang='lat' dir='ltr'>et</span> <span class='ocrx_word' id='word_1_233' title='bbox 563 2263 793 2375; x_wconf 56' lang='lat' dir='ltr'>conductionissus</span> <span class='ocrx_word' id='word_1_234' title='bbox 806 2281 918 2377; x_wconf 71' lang='lat' dir='ltr'>tradere</span> <span class='ocrx_word' id='word_1_235' title='bbox 928 2321 965 2392; x_wconf 84' lang='lat'>⁵).</span> <span class='ocrx_word' id='word_1_236' title='bbox 991 2319 1061 2376; x_wconf 88' lang='lat' dir='ltr'>ltem</span> <span class='ocrx_word' id='word_1_237' title='bbox 1078 2324 1195 2397; x_wconf 89' lang='lat' dir='ltr'>pretium</span> <span class='ocrx_word' id='word_1_238' title='bbox 1207 2321 1226 2374; x_wconf 91' lang='lat' dir='ltr'>in</span> 
     </span>
     <span class='ocr_line' id='line_1_28' title="bbox 275 2391 1227 2467; baseline -0.002 -19"><span class='ocrx_word' id='word_1_239' title='bbox 275 2402 421 2448; x_wconf 84' lang='lat' dir='ltr'>numerata</span> <span class='ocrx_word' id='word_1_240' title='bbox 442 2391 561 2467; x_wconf 88' lang='lat' dir='ltr'>pecunia</span> <span class='ocrx_word' id='word_1_241' title='bbox 580 2393 733 2449; x_wconf 87' lang='lat' dir='ltr'>consistere</span> <span class='ocrx_word' id='word_1_242' title='bbox 752 2393 844 2449; x_wconf 89' lang='lat' dir='ltr'>debet.</span> <span class='ocrx_word' id='word_1_243' title='bbox 892 2392 967 2450; x_wconf 88' lang='lat' dir='ltr'>Nam</span> <span class='ocrx_word' id='word_1_244' title='bbox 988 2395 1016 2449; x_wconf 93' lang='lat' dir='ltr'>in</span> <span class='ocrx_word' id='word_1_245' title='bbox 1036 2396 1142 2452; x_wconf 81' lang='lat' dir='ltr'>ceteris</span> <span class='ocrx_word' id='word_1_246' title='bbox 1161 2396 1227 2451; x_wconf 80' lang='lat' dir='ltr'>rebus</span> 
     </span>
     <span class='ocr_line' id='line_1_29' title="bbox 275 2465 1226 2541; baseline 0 -21"><span class='ocrx_word' id='word_1_247' title='bbox 275 2481 310 2521; x_wconf 91' lang='lat' dir='ltr'>an</span> <span class='ocrx_word' id='word_1_248' title='bbox 329 2465 448 2540; x_wconf 90' lang='lat' dir='ltr'>pretium</span> <span class='ocrx_word' id='word_1_249' title='bbox 469 2482 530 2520; x_wconf 91' lang='lat' dir='ltr'>esse</span> <span class='ocrx_word' id='word_1_250' title='bbox 549 2465 656 2540; x_wconf 86' lang='lat' dir='ltr'>possit,</span> <span class='ocrx_word' id='word_1_251' title='bbox 678 2465 761 2522; x_wconf 88' lang='lat' dir='ltr'>veluti</span> <span class='ocrx_word' id='word_1_252' title='bbox 780 2465 875 2538; x_wconf 90' lang='lat' dir='ltr'>homo,</span> <span class='ocrx_word' id='word_1_253' title='bbox 896 2477 945 2523; x_wconf 91' lang='lat' dir='ltr'>aut</span> <span class='ocrx_word' id='word_1_254' title='bbox 964 2465 1086 2540; x_wconf 78' lang='lat' dir='ltr'>fundus,</span> <span class='ocrx_word' id='word_1_255' title='bbox 1106 2482 1158 2526; x_wconf 90' lang='lat' dir='ltr'>aut</span> <span class='ocrx_word' id='word_1_256' title='bbox 1175 2481 1226 2541; x_wconf 82' lang='lat' dir='ltr'>toga</span> 
     </span>
     <span class='ocr_line' id='line_1_30' title="bbox 276 2533 1226 2616; baseline 0 -22"><span class='ocrx_word' id='word_1_257' title='bbox 276 2538 389 2594; x_wconf 82' lang='lat' dir='ltr'>alterius</span> <span class='ocrx_word' id='word_1_258' title='bbox 403 2537 443 2593; x_wconf 90' lang='lat' dir='ltr'>rei</span> <span class='ocrx_word' id='word_1_259' title='bbox 459 2538 578 2612; x_wconf 89' lang='lat' dir='ltr'>pretinm</span> <span class='ocrx_word' id='word_1_260' title='bbox 593 2555 654 2596; x_wconf 88' lang='lat' dir='ltr'>esse</span> <span class='ocrx_word' id='word_1_261' title='bbox 669 2540 771 2615; x_wconf 88' lang='lat' dir='ltr'>possit,</span> <span class='ocrx_word' id='word_1_262' title='bbox 794 2533 874 2597; x_wconf 83' lang='lat' dir='ltr'>valde</span> <span class='ocrx_word' id='word_1_263' title='bbox 893 2543 1093 2616; x_wconf 81' lang='lat' dir='ltr'>quaerebatur.</span> <span class='ocrx_word' id='word_1_264' title='bbox 1121 2541 1226 2600; x_wconf 82' lang='lat' dir='ltr'>Sabinus</span> 
     </span>
     <span class='ocr_line' id='line_1_31' title="bbox 277 2609 1225 2689; baseline -0.001 -20"><span class='ocrx_word' id='word_1_265' title='bbox 277 2622 305 2669; x_wconf 92' lang='lat' dir='ltr'>et</span> <span class='ocrx_word' id='word_1_266' title='bbox 319 2609 432 2669; x_wconf 87' lang='lat' dir='ltr'>Cassius</span> <span class='ocrx_word' id='word_1_267' title='bbox 446 2610 530 2666; x_wconf 85' lang='lat' dir='ltr'>etiarn</span> <span class='ocrx_word' id='word_1_268' title='bbox 547 2611 576 2666; x_wconf 93' lang='lat' dir='ltr'>in</span> <span class='ocrx_word' id='word_1_269' title='bbox 590 2611 644 2668; x_wconf 83' lang='lat' dir='ltr'>alia</span> <span class='ocrx_word' id='word_1_270' title='bbox 660 2631 692 2670; x_wconf 88' lang='lat' dir='ltr'>re</span> <span class='ocrx_word' id='word_1_271' title='bbox 711 2623 811 2688; x_wconf 90' lang='lat' dir='ltr'>putant</span> <span class='ocrx_word' id='word_1_272' title='bbox 828 2631 911 2689; x_wconf 88' lang='lat' dir='ltr'>posse</span> <span class='ocrx_word' id='word_1_273' title='bbox 931 2615 1051 2689; x_wconf 87' lang='lat' dir='ltr'>pretium</span> <span class='ocrx_word' id='word_1_274' title='bbox 1070 2618 1225 2672; x_wconf 83' lang='lat' dir='ltr'>consistere:</span> 
     </span>
     <span class='ocr_line' id='line_1_32' title="bbox 276 2683 1225 2764; baseline 0.005 -21"><span class='ocrx_word' id='word_1_275' title='bbox 276 2685 353 2744; x_wconf 89' lang='lat' dir='ltr'>unde</span> <span class='ocrx_word' id='word_1_276' title='bbox 371 2683 437 2742; x_wconf 90' lang='lat' dir='ltr'>illud</span> <span class='ocrx_word' id='word_1_277' title='bbox 456 2693 513 2758; x_wconf 88' lang='lat' dir='ltr'>est,</span> <span class='ocrx_word' id='word_1_278' title='bbox 542 2685 618 2760; x_wconf 91' lang='lat' dir='ltr'>quod</span> <span class='ocrx_word' id='word_1_279' title='bbox 637 2687 718 2758; x_wconf 73' lang='lat' dir='ltr'>vulgo</span> <span class='ocrx_word' id='word_1_280' title='bbox 735 2687 897 2760; x_wconf 86' lang='lat' dir='ltr'>dicebatur,</span> <span class='ocrx_word' id='word_1_281' title='bbox 916 2705 965 2763; x_wconf 87' lang='lat' dir='ltr'>per</span> <span class='ocrx_word' id='word_1_282' title='bbox 983 2691 1225 2764; x_wconf 79' lang='lat' dir='ltr'>pcmtututionsm‘l</span> 
     </span>
     <span class='ocr_line' id='line_1_33' title="bbox 275 2756 1262 2840; baseline 0.005 -22"><span class='ocrx_word' id='word_1_283' title='bbox 275 2775 365 2818; x_wconf 72' lang='lat' dir='ltr'>nrum</span> <span class='ocrx_word' id='word_1_284' title='bbox 373 2756 530 2834; x_wconf 81' lang='lat' dir='ltr'>eruptionem</span> <span class='ocrx_word' id='word_1_285' title='bbox 538 2757 744 2817; x_wconf 80' lang='lat' dir='ltr'>eluenditiouous</span> <span class='ocrx_word' id='word_1_286' title='bbox 754 2760 881 2833; x_wconf 70' lang='lat' dir='ltr'>conuulsi,</span> <span class='ocrx_word' id='word_1_287' title='bbox 889 2766 1227 2840; x_wconf 70' lang='lat' dir='ltr'>compremsciemeuptb</span> <span class='ocrx_word' id='word_1_288' title='bbox 1261 2761 1262 2806; x_wconf 63' lang='lat' dir='ltr'>l</span> 
     </span>
     <span class='ocr_line' id='line_1_34' title="bbox 274 2832 1226 2911; baseline -0.002 -19"><span class='ocrx_word' id='word_1_289' title='bbox 274 2833 319 2892; x_wconf 74' lang='lat' dir='ltr'>ste</span> <span class='ocrx_word' id='word_1_290' title='bbox 334 2832 540 2908; x_wconf 76' lang='lat' dir='ltr'>conditionisque</span> <span class='ocrx_word' id='word_1_291' title='bbox 557 2835 762 2891; x_wconf 68' lang='lat' dir='ltr'>wbudssimnm</span> <span class='ocrx_word' id='word_1_292' title='bbox 781 2852 854 2892; x_wconf 81' lang='lat' dir='ltr'>esse·</span> <span class='ocrx_word' id='word_1_293' title='bbox 876 2845 1102 2911; x_wconf 85' lang='lat' dir='ltr'>argumentoque</span> <span class='ocrx_word' id='word_1_294' title='bbox 1119 2841 1226 2894; x_wconf 87' lang='lat' dir='ltr'>utebsn-</span> 
     </span>
     <span class='ocr_line' id='line_1_35' title="bbox 275 2877 1225 2996; baseline 0.003 -32"><span class='ocrx_word' id='word_1_295' title='bbox 275 2915 322 2964; x_wconf 87' lang='lat' dir='ltr'>tur</span> <span class='ocrx_word' id='word_1_296' title='bbox 343 2906 454 2964; x_wconf 86' lang='lat' dir='ltr'>Graeco</span> <span class='ocrx_word' id='word_1_297' title='bbox 474 2909 561 2993; x_wconf 72' lang='lat' dir='ltr'>poeta</span> <span class='ocrx_word' id='word_1_298' title='bbox 582 2905 723 2980; x_wconf 87' lang='lat' dir='ltr'>Homero,</span> <span class='ocrx_word' id='word_1_299' title='bbox 752 2908 800 2983; x_wconf 92' lang='lat' dir='ltr'>qui</span> <span class='ocrx_word' id='word_1_300' title='bbox 825 2877 919 2996; x_wconf 85' lang='lat' dir='ltr'>aliqua</span> <span class='ocrx_word' id='word_1_301' title='bbox 945 2920 1026 2985; x_wconf 88' lang='lat' dir='ltr'>parte</span> <span class='ocrx_word' id='word_1_302' title='bbox 1045 2907 1225 2976; x_wconf 69' lang='lat' dir='ltr'>exercitant)</span> 
     </span>
     <span class='ocr_line' id='line_1_36' title="bbox 276 2977 1227 3062; baseline 0.003 -27"><span class='ocrx_word' id='word_1_303' title='bbox 276 2977 442 3036; x_wconf 73' lang='lat' dir='ltr'>Achivorum</span> <span class='ocrx_word' id='word_1_304' title='bbox 462 2997 556 3035; x_wconf 79' lang='lat' dir='ltr'>vinum</span> <span class='ocrx_word' id='word_1_305' title='bbox 578 2979 631 3035; x_wconf 90' lang='lat' dir='ltr'>sibi</span> <span class='ocrx_word' id='word_1_306' title='bbox 656 2998 834 3057; x_wconf 86' lang='lat' dir='ltr'>comparasse</span> <span class='ocrx_word' id='word_1_307' title='bbox 853 2994 908 3052; x_wconf 82' lang='lat' dir='ltr'>ert,</span> <span class='ocrx_word' id='word_1_308' title='bbox 938 2984 1104 3058; x_wconf 87' lang='lat' dir='ltr'>permutatis</span> <span class='ocrx_word' id='word_1_309' title='bbox 1124 2987 1227 3062; x_wconf 87' lang='lat' dir='ltr'>quibus-</span> 
     </span>
     <span class='ocr_line' id='line_1_37' title="bbox 277 3050 650 3124; baseline 0.008 -16"><span class='ocrx_word' id='word_1_310' title='bbox 277 3050 342 3109; x_wconf 87' lang='lat' dir='ltr'>dam</span> <span class='ocrx_word' id='word_1_311' title='bbox 362 3054 461 3124; x_wconf 88' lang='lat' dir='ltr'>rebus,</span> <span class='ocrx_word' id='word_1_312' title='bbox 480 3053 523 3109; x_wconf 89' lang='lat' dir='ltr'>his</span> <span class='ocrx_word' id='word_1_313' title='bbox 542 3053 650 3111; x_wconf 83' lang='lat' dir='ltr'>verbis:</span> 
     </span>
     <span class='ocr_line' id='line_1_38' title="bbox 404 3119 1082 3198; baseline 0.007 -22"><span class='ocrx_word' id='word_1_314' title='bbox 404 3123 505 3180; x_wconf 77' lang='grc' dir='ltr'><strong><em>Ἔνθεν</em></strong></span> <span class='ocrx_word' id='word_1_315' title='bbox 522 3119 564 3196; x_wconf 75' lang='grc' dir='ltr'>ἄρ’</span> <span class='ocrx_word' id='word_1_316' title='bbox 582 3128 714 3190; x_wconf 71' lang='grc' dir='ltr'><strong><em>οἰνίζοντο</em></strong></span> <span class='ocrx_word' id='word_1_317' title='bbox 730 3145 834 3198; x_wconf 77' lang='grc' dir='ltr'><strong><em>νορηνο</em></strong></span> <span class='ocrx_word' id='word_1_318' title='bbox 858 3123 956 3189; x_wconf 75' lang='lat' dir='ltr'>dovrae</span> <span class='ocrx_word' id='word_1_319' title='bbox 970 3126 998 3182; x_wconf 83' lang='lat' dir='ltr'>&#39;A</span> <span class='ocrx_word' id='word_1_320' title='bbox 1015 3134 1082 3198; x_wconf 85' lang='grc' dir='ltr'><strong><em>αιοί,</em></strong></span> 
     </span>
     <span class='ocr_line' id='line_1_39' title="bbox 404 3149 1086 3276; baseline 0.01 -32"><span class='ocrx_word' id='word_1_321' title='bbox 404 3186 495 3245; x_wconf 74' lang='grc' dir='ltr'><strong><em>Ἄλλοι</em></strong></span> <span class='ocrx_word' id='word_1_322' title='bbox 510 3193 565 3262; x_wconf 78' lang='grc' dir='ltr'>μὲν</span> <span class='ocrx_word' id='word_1_323' title='bbox 573 3195 695 3276; x_wconf 55' lang='grc' dir='ltr'>ἲχαλκοῖ,</span> <span class='ocrx_word' id='word_1_324' title='bbox 714 3187 792 3249; x_wconf 69' lang='grc' dir='ltr'><strong><em>ἄλλοι</em></strong></span> <span class='ocrx_word' id='word_1_325' title='bbox 854 3199 956 3254; x_wconf 74' lang='grc' dir='ltr'><strong><em>αἴθωνι</em></strong></span> <span class='ocrx_word' id='word_1_326' title='bbox 972 3149 1086 3268; x_wconf 57' lang='grc' dir='ltr'>σιΙήρφ,</span> 
     </span>
    </p>
   </div>
   <div class='ocr_carea' id='block_1_3' title="bbox 402 3253 1260 3466">
    <p class='ocr_par' dir='ltr' id='par_1_3' title="bbox 402 3253 1260 3466">
     <span class='ocr_line' id='line_1_40' title="bbox 405 3253 1103 3334; baseline 0.009 -22"><span class='ocrx_word' id='word_1_327' title='bbox 405 3253 496 3314; x_wconf 74' lang='grc' dir='ltr'><strong><em>Ἄλλοι</em></strong></span> <span class='ocrx_word' id='word_1_328' title='bbox 509 3257 534 3312; x_wconf 86' lang='lat' dir='ltr'>d&#39;</span> <span class='ocrx_word' id='word_1_329' title='bbox 548 3279 585 3314; x_wconf 82' lang='lat' dir='ltr'>uu</span> <span class='ocrx_word' id='word_1_330' title='bbox 601 3261 703 3334; x_wconf 74' lang='grc' dir='ltr'><strong><em>ῥινοῖς,</em></strong></span> <span class='ocrx_word' id='word_1_331' title='bbox 722 3260 801 3317; x_wconf 70' lang='grc' dir='ltr'><strong><em>ἄλλοι</em></strong></span> <span class='ocrx_word' id='word_1_332' title='bbox 818 3263 843 3318; x_wconf 85' lang='lat' dir='ltr'>d&#39;</span> <span class='ocrx_word' id='word_1_333' title='bbox 860 3261 967 3318; x_wconf 79' lang='lat' dir='ltr'>ciiroior</span> <span class='ocrx_word' id='word_1_334' title='bbox 983 3260 1103 3332; x_wconf 79' lang='grc' dir='ltr'>βόεσσιν,</span> 
     </span>
     <span class='ocr_line' id='line_1_41' title="bbox 402 3257 1260 3466; baseline 0 -86"><span class='ocrx_word' id='word_1_335' title='bbox 402 3321 494 3382; x_wconf 73' lang='grc' dir='ltr'><strong><em>Ἄλλοι</em></strong></span> <span class='ocrx_word' id='word_1_336' title='bbox 510 3325 536 3380; x_wconf 75' lang='grc' dir='ltr'>δ’</span> <span class='ocrx_word' id='word_1_337' title='bbox 552 3324 758 3400; x_wconf 69' lang='grc' dir='ltr'>ἀνδραπόδεσσι</span> <span class='ocrx_word' id='word_1_338' title='bbox 768 3332 803 3398; x_wconf 76' lang='lat' dir='ltr'>t).</span> <span class='ocrx_word' id='word_1_339' title='bbox 1253 3257 1260 3466; x_wconf 37' lang='lat' dir='ltr'>j</span> 
     </span>
    </p>
   </div>
   <div class='ocr_carea' id='block_1_4' title="bbox 274 3421 495 3442">
    <p class='ocr_par' dir='ltr' id='par_1_4' title="bbox 274 3421 495 3442">
     <span class='ocr_line' id='line_1_42' title="bbox 274 3421 495 3442; baseline -0.023 0"><span class='ocrx_word' id='word_1_340' title='bbox 274 3421 495 3442; x_wconf 64' lang='lat' dir='ltr'>h——n—-n</span> 
     </span>
    </p>
   </div>
   <div class='ocr_carea' id='block_1_5' title="bbox 331 3465 1259 3540">
    <p class='ocr_par' dir='ltr' id='par_1_5' title="bbox 331 3465 1259 3540">
     <span class='ocr_line' id='line_1_43' title="bbox 331 3465 1259 3540; baseline 0.009 -30"><span class='ocrx_word' id='word_1_341' title='bbox 331 3465 395 3518; x_wconf 76' lang='lat' dir='ltr'>blot.</span> <span class='ocrx_word' id='word_1_342' title='bbox 409 3484 427 3498; x_wconf 94' lang='lat'><em>-</em></span> <span class='ocrx_word' id='word_1_343' title='bbox 458 3467 481 3519; x_wconf 87' lang='lat' dir='ltr'>c)</span> <span class='ocrx_word' id='word_1_344' title='bbox 494 3465 672 3520; x_wconf 67' lang='lat' dir='ltr'>pannonicae.</span> <span class='ocrx_word' id='word_1_345' title='bbox 686 3485 715 3500; x_wconf 88' lang='lat'><em>-</em></span> <span class='ocrx_word' id='word_1_346' title='bbox 729 3466 753 3520; x_wconf 82' lang='lat' dir='ltr'>d)</span> <span class='ocrx_word' id='word_1_347' title='bbox 766 3467 973 3540; x_wconf 71' lang='lat' dir='ltr'>ouounmpnrtsm</span> <span class='ocrx_word' id='word_1_348' title='bbox 986 3470 1106 3514; x_wconf 67' lang='lat' dir='ltr'>amotus</span> <span class='ocrx_word' id='word_1_349' title='bbox 1119 3466 1225 3521; x_wconf 81' lang='lat' dir='ltr'>(..tmsnl</span> <span class='ocrx_word' id='word_1_350' title='bbox 1258 3496 1259 3518; x_wconf 56' lang='lat' dir='ltr'>r</span> 
     </span>
    </p>
   </div>
   <div class='ocr_carea' id='block_1_6' title="bbox 266 3571 1258 3852">
    <p class='ocr_par' dir='ltr' id='par_1_6' title="bbox 266 3571 1258 3852">
     <span class='ocr_line' id='line_1_44' title="bbox 299 3571 1226 3630; baseline -0.006 -10"><span class='ocrx_word' id='word_1_351' title='bbox 299 3576 324 3629; x_wconf 79' lang='grc' dir='ltr'>Ι)</span> <span class='ocrx_word' id='word_1_352' title='bbox 339 3574 366 3620; x_wconf 74' lang='grc' dir='ltr'>(Ι.</span> <span class='ocrx_word' id='word_1_353' title='bbox 381 3573 422 3630; x_wconf 76' lang='lat' dir='ltr'>lv,</span> <span class='ocrx_word' id='word_1_354' title='bbox 439 3572 478 3618; x_wconf 77' lang='grc' dir='ltr'>ΙΙ.</span> <span class='ocrx_word' id='word_1_355' title='bbox 499 3571 515 3618; x_wconf 80' lang='grc' dir='ltr'>Ι</span> <span class='ocrx_word' id='word_1_356' title='bbox 533 3573 583 3628; x_wconf 78' lang='lat' dir='ltr'>lt.;</span> <span class='ocrx_word' id='word_1_357' title='bbox 610 3573 737 3628; x_wconf 80' lang='lat' dir='ltr'>n.1.tn.;</span> <span class='ocrx_word' id='word_1_358' title='bbox 770 3585 829 3619; x_wconf 82' lang='lat' dir='ltr'>mer.</span> <span class='ocrx_word' id='word_1_359' title='bbox 844 3573 1071 3630; x_wconf 79' lang='lat' dir='ltr'>11.vn,tta.sqq.:</span> <span class='ocrx_word' id='word_1_360' title='bbox 1085 3576 1226 3628; x_wconf 70' lang='lat' dir='ltr'>racemum</span> 
     </span>
     <span class='ocr_line' id='line_1_45' title="bbox 266 3629 1225 3687; baseline -0.004 -9"><span class='ocrx_word' id='word_1_361' title='bbox 266 3633 303 3678; x_wconf 69' lang='lat' dir='ltr'>ds</span> <span class='ocrx_word' id='word_1_362' title='bbox 325 3633 422 3678; x_wconf 80' lang='lat' dir='ltr'>testem.</span> <span class='ocrx_word' id='word_1_363' title='bbox 443 3630 491 3687; x_wconf 81' lang='lat' dir='ltr'>Vl,</span> <span class='ocrx_word' id='word_1_364' title='bbox 514 3630 552 3673; x_wconf 84' lang='lat' dir='ltr'>sa.</span> <span class='ocrx_word' id='word_1_365' title='bbox 578 3631 594 3675; x_wconf 86' lang='lat'>1.</span> <span class='ocrx_word' id='word_1_366' title='bbox 611 3629 648 3673; x_wconf 75' lang='lat'>28.</span> <span class='ocrx_word' id='word_1_367' title='bbox 674 3629 698 3684; x_wconf 80' lang='lat' dir='ltr'>s.</span> <span class='ocrx_word' id='word_1_368' title='bbox 716 3631 736 3674; x_wconf 89' lang='lat' dir='ltr'>t.</span> <span class='ocrx_word' id='word_1_369' title='bbox 770 3631 848 3674; x_wconf 78' lang='lat' dir='ltr'>rmum</span> <span class='ocrx_word' id='word_1_370' title='bbox 857 3630 1225 3685; x_wconf 62' lang='lat' dir='ltr'>montemmaranum</span> 
     </span>
     <span class='ocr_line' id='line_1_46' title="bbox 270 3685 1224 3745; baseline 0 -13"><span class='ocrx_word' id='word_1_371' title='bbox 270 3689 408 3745; x_wconf 70' lang='lat' dir='ltr'>spargent.</span> <span class='ocrx_word' id='word_1_372' title='bbox 423 3686 471 3732; x_wconf 80' lang='lat' dir='ltr'>us.</span> <span class='ocrx_word' id='word_1_373' title='bbox 486 3688 567 3736; x_wconf 69' lang='lat' dir='ltr'>mot.</span> <span class='ocrx_word' id='word_1_374' title='bbox 586 3685 652 3738; x_wconf 75' lang='lat' dir='ltr'>Ltus.</span> <span class='ocrx_word' id='word_1_375' title='bbox 669 3685 737 3730; x_wconf 69' lang='lat' dir='ltr'>leit.</span> <span class='ocrx_word' id='word_1_376' title='bbox 771 3688 862 3740; x_wconf 70' lang='lat' dir='ltr'>madens</span> <span class='ocrx_word' id='word_1_377' title='bbox 881 3697 950 3740; x_wconf 83' lang='lat' dir='ltr'>nere,</span> <span class='ocrx_word' id='word_1_378' title='bbox 970 3687 1012 3732; x_wconf 82' lang='lat' dir='ltr'>ottt</span> <span class='ocrx_word' id='word_1_379' title='bbox 1024 3689 1102 3731; x_wconf 75' lang='lat' dir='ltr'>muna</span> <span class='ocrx_word' id='word_1_380' title='bbox 1115 3686 1224 3742; x_wconf 63' lang='lat' dir='ltr'>rpem</span> 
     </span>
     <span class='ocr_line' id='line_1_47' title="bbox 268 3739 1258 3801; baseline -0.003 -12"><span class='ocrx_word' id='word_1_381' title='bbox 268 3757 295 3801; x_wconf 76' lang='lat' dir='ltr'>p.</span> <span class='ocrx_word' id='word_1_382' title='bbox 308 3747 363 3789; x_wconf 73' lang='lat'>288.</span> <span class='ocrx_word' id='word_1_383' title='bbox 377 3755 430 3796; x_wconf 73' lang='lat' dir='ltr'>aqu.</span> <span class='ocrx_word' id='word_1_384' title='bbox 445 3763 474 3774; x_wconf 91' lang='lat'>-</span> <span class='ocrx_word' id='word_1_385' title='bbox 495 3743 527 3792; x_wconf 66' lang='lat' dir='ltr'>b)</span> <span class='ocrx_word' id='word_1_386' title='bbox 540 3743 571 3786; x_wconf 82' lang='grc'>1).</span> <span class='ocrx_word' id='word_1_387' title='bbox 586 3739 659 3785; x_wconf 87' lang='lat' dir='ltr'>locstl</span> <span class='ocrx_word' id='word_1_388' title='bbox 674 3741 736 3796; x_wconf 80' lang='grc' dir='ltr'>ΧῙΧ,</span> <span class='ocrx_word' id='word_1_389' title='bbox 769 3741 1006 3796; x_wconf 67' lang='lat' dir='ltr'>ferramentum«</span> <span class='ocrx_word' id='word_1_390' title='bbox 1015 3743 1223 3798; x_wconf 65' lang='lat' dir='ltr'>uestimentum</span> <span class='ocrx_word' id='word_1_391' title='bbox 1257 3775 1258 3786; x_wconf 65' lang='grc'>,</span> 
     </span>
     <span class='ocr_line' id='line_1_48' title="bbox 269 3797 1223 3852; baseline -0.003 -6"><span class='ocrx_word' id='word_1_392' title='bbox 269 3805 294 3846; x_wconf 81' lang='lat' dir='ltr'>s.</span> <span class='ocrx_word' id='word_1_393' title='bbox 308 3800 372 3844; x_wconf 60' lang='lat' dir='ltr'>ten</span> <span class='ocrx_word' id='word_1_394' title='bbox 388 3809 424 3851; x_wconf 73' lang='lat' dir='ltr'>pr.</span> <span class='ocrx_word' id='word_1_395' title='bbox 438 3798 465 3842; x_wconf 86' lang='grc' dir='ltr'>ο.</span> <span class='ocrx_word' id='word_1_396' title='bbox 482 3797 504 3840; x_wconf 89' lang='lat' dir='ltr'>n.</span> <span class='ocrx_word' id='word_1_397' title='bbox 521 3799 536 3840; x_wconf 83' lang='grc' dir='ltr'>ι.</span> <span class='ocrx_word' id='word_1_398' title='bbox 547 3798 625 3840; x_wconf 81' lang='lat' dir='ltr'>rn-</span> <span class='ocrx_word' id='word_1_399' title='bbox 650 3797 737 3849; x_wconf 70' lang='grc' dir='ltr'>ωηο·</span> <span class='ocrx_word' id='word_1_400' title='bbox 770 3798 1223 3852; x_wconf 65' lang='grc' dir='ltr'>οροεοοοιι,οιοοοοοοιοιωοοοι</span> 
     </span>
    </p>
   </div>
   <div class='ocr_carea' id='block_1_7' title="bbox 0 0 1288 4344">
    <p class='ocr_par' dir='ltr' id='par_1_7' title="bbox 0 0 1288 4344">
     <span class='ocr_line' id='line_1_49' title="bbox 0 0 1288 4344; baseline 0 0"><span class='ocrx_word' id='word_1_401' title='bbox 0 0 1288 4344; x_wconf 95' lang='lat' dir='ltr'> </span> 
     </span>
    </p>
   </div>
  </div>
 </body>
</html>
