2520 4328
63 351 225 409 Iussum.
248 347 296 406 Dn
312 367 429 413 nunno.
440 367 529 415 oustn.
543 367 579 406 ur
591 367 674 408 ntur.
690 349 730 419 ll,
748 355 797 408 la.
817 348 848 431 ξ.
859 355 951 411 2-4.
996 350 1044 412 87

60 500 169 571 ribus,
197 496 333 573 iterant)
360 517 395 554 ex
417 499 489 564 eal)
514 517 597 556 causa
619 517 662 554 res
680 499 754 570 eius,
780 517 849 574 quas
869 500 920 554 sibi
940 501 1038 576 acqui-

63 573 164 678 sieri4t,
186 591 242 659 non
264 577 431 648 veneuut³).
554 648 571 660 ,.
933 649 938 658 Ι
996 649 1002 662 .

145 645 220 719 >Sur
249 656 341 703 autem
370 657 398 702 et
425 665 572 702 necessaru
600 645 719 702 heredes
745 656 828 715 sunt,
857 647 939 701 veluti
965 647 1071 704 filiusz

64 721 176 792 filiave,
197 739 285 794 nepos
302 721 426 794 neptisve
447 739 482 776 ex
503 720 570 788 filio,
592 732 619 776 et
635 720 767 793 deinceps
781 721 867 776 ceteri
881 721 969 792 liberi,
990 723 1037 797 qui

62 795 159 850 inodo
180 795 207 849 in
230 805 367 868 potestate
386 795 528 850 morientis
547 795 659 850 luerint.
688 794 738 850 sed
758 805 788 849 ut
804 813 892 868 nepos
912 797 1038 870 neptisve

60 869 114 924 sui
135 868 256 926 heredes
276 869 349 941 siut,
371 887 427 924 non
446 868 560 941 suffieit,
581 887 644 924 eum
664 887 760 924 eamve
782 869 810 924 in
836 878 973 942 potestate
993 871 1037 925 ati

63 943 170 999 mortis
197 953 325 1016 tempore
349 942 455 1016 fuisse,
484 943 534 999 sed
562 961 632 1018 opus
660 952 721 1013 est,
749 954 778 996 trt
798 953 879 1016 pater
898 944 957 1000 eius
976 945 1041 1000 vivo.

63 1027 155 1092 patre
176 1036 228 1072 suo
250 1017 364 1073 desierit
382 1037 448 1072 suus
467 1017 549 1073 lieres
575 1035 650 1089 esse,
680 1027 727 1071 aut
747 1027 837 1072 morte
857 1018 1040 1093 interceptus,

61 1101 121 1147 atrt
137 1091 264 1166 qualibet
279 1090 332 1146 alia
352 1092 462 1147 ratione
482 1091 614 1146 liberatus
634 1099 790 1165 potestate:
811 1101 877 1148 tuno
895 1093 968 1148 enirn
986 1110 1042 1149 ne-

65 1185 124 1239 pos
143 1165 272 1238 neptisve
290 1165 320 1220 in
340 1164 429 1221 locum
451 1166 537 1240 patris
556 1165 598 1220 sui
617 1165 748 1220 succedit.
787 1164 845 1221 Sed
866 1167 907 1222 sui
925 1167 1040 1241 quidem

64 1239 194 1295 liet-edes
212 1239 277 1294 ideo
299 1239 490 1315 appellantur,
519 1239 584 1314 quia
603 1239 746 1295 domestici
765 1238 884 1296 heredes
902 1251 982 1312 sunt,
1010 1251 1041 1296 et

65 1315 133 1368 vivo
148 1332 261 1400 quoque
274 1324 355 1388 patre
369 1313 576 1388 quodammodo
591 1313 902 1370 domini'existimantur
911 1317 946 1386 ⁵).
964 1315 1040 1371 unde

65 1389 175 1458 etiam,
202 1406 225 1442 st
274 1388 313 1442 uis
341 1388 486 1444 intestatus
511 1397 636 1444 mortuus
656 1388 707 1455 sit,
734 1388 824 1461 prima
840 1407 928 1444 causa
949 1398 991 1445 est
1008 1390 1037 1445 in

66 1405 427 1517 successioneiiberorum.
466 1461 623 1518 Necessarii
644 1479 708 1518 vero
721 1462 786 1517 ideo
803 1462 951 1535 dicuutur,
972 1464 1041 1540 quia

66 1536 252 1607 omnimodo,
271 1535 443 1602 siverelint,
463 1537 519 1591 sive
537 1537 641 1606 nolint,
661 1547 718 1591 tam
736 1537 771 1591 ab
786 1537 931 1606 intestato,
953 1555 1037 1612 quam

67 1629 109 1665 ex
134 1618 303 1665 testamento
314 1612 337 1677 ο)
364 1608 483 1666 heredes
508 1609 588 1665 fiunt.
624 1609 672 1664 sed
700 1610 743 1665 his
769 1625 884 1685 praetor
904 1612 1039 1686 permittit

68 1684 229 1739 uolentibus
257 1683 396 1740 abstinere
423 1701 453 1738 se
481 1684 517 1738 ab
543 1683 721 1753 hereditate,
751 1695 781 1738 ut
800 1687 893 1760 potius
914 1687 1038 1760 parentis

65 1776 157 1832 quam
178 1757 302 1831 ipsorum
323 1759 397 1813 bona
415 1757 541 1812 similiter
561 1775 578 1812 a
596 1757 778 1812 creditoribus
797 1759 1039 1834 possideantur⁶).

128 1831 242 1903 Ceteri,
269 1832 316 1906 qui
342 1831 480 1888 testatoris
506 1831 559 1886 iuri
580 1831 696 1886 subiecti
722 1850 776 1887 uon
803 1843 883 1901 sunt,
910 1835 1070 1890 extraneis

66 1905 193 1962 heredes
220 1905 408 1980 appellantur.
445 1905 540 1980 itaque
565 1904 644 1960 liberi
671 1923 783 1979 quoque
810 1907 913 1974 nostri,
940 1908 1036 1982 quiin

67 1989 213 2054 potestate
242 1991 336 2035 nostra
359 1998 414 2034 uon
439 1989 518 2050 sunt,
547 1977 668 2034 lreredes
688 1997 704 2034 a
724 1979 804 2034 nobis·
824 1981 958 2050 instituti,
983 1999 1038 2037 ex-

67 2055 163 2110 tranei
190 2053 309 2109 heredes
339 2054 475 2110 videntur.
511 2071 567 2129 qua
593 2053 629 2108 de
656 2071 740 2108 eausa
763 2065 791 2110 et
811 2055 858 2142 (pti
879 2054 998 2110 heredes
1019 2074 1038 2111 a

67 2139 163 2182 matre
188 2128 382 2199 instituuntur,
409 2127 509 2183 eodem
534 2144 652 2182 numero
675 2140 759 2199 sunt,
780 2147 845 2203 qma
866 2128 989 2185 feminae
1007 2130 1035 2185 in

68 2211 212 2275 potestate
232 2201 333 2256 liberos
349 2220 403 2256 non
420 2202 534 2257 liabent.
557 2219 650 2256 servus
665 2219 776 2276 quoque
791 2221 807 2257 a
823 2203 936 2258 domino
955 2204 1037 2260 lieres

69 2276 229 2347 institutus,
258 2285 369 2349 etpost
389 2285 585 2331 testamentum
604 2274 708 2330 sactum
730 2277 765 2330 ab
785 2294 819 2332 eo
842 2279 1036 2350 manumissus,

65 2349 174 2405 eodem
199 2367 315 2404 numero
343 2350 470 2404 liabetur.
515 2349 545 2402 ln
566 2351 705 2405 extraneis
726 2349 876 2406 heredibus
895 2352 962 2406 illud
983 2354 1067 2408 ob-4

67 2433 213 2493 servatur,
243 2433 273 2477 ut
291 2425 324 2478 sit
345 2443 406 2478 cunr
427 2423 466 2478 eis
484 2423 643 2478 testamenti
663 2424 769 2496 factio,
799 2427 855 2480 sive
881 2427 933 2498 ipsi
953 2426 1037 2482 here-

67 2497 122 2552 des
142 2497 337 2564 instituantur,
356 2497 412 2551 sive
432 2497 475 2567 lri,
501 2497 592 2570 quiin
613 2507 751 2570 potestate
771 2517 868 2554 eorum
888 2511 962 2556 sunt.
998 2500 1037 2556 Et

68 2571 100 2626 id
120 2567 267 2643 duobust)
288 2572 459 2645 temporibus
472 2571 634 2644 inspicitur,
657 2574 814 2628 testamenti
832 2574 944 2649 quidem
958 2573 1036 2646 l'acti,

71 2653 103 2700 nt
125 2645 278 2720 constiterit
298 2645 455 2714 institutio,
477 2646 573 2699 mortis
594 2663 658 2700 vero
679 2648 834 2718 testatoris,
856 2657 885 2702 ut
904 2647 1034 2714 effectum

69 2719 186 2774 lrabeat.
206 2719 259 2774 hoc
274 2719 407 2793 amplius,
426 2727 531 2774 etcum
548 2719 647 2774 adierit
661 2719 854 2792 hereditatem,
876 2739 936 2776 esse
951 2721 1035 2777 dehet

67 2811 135 2848 cum
154 2810 189 2847 eo
207 2794 364 2849 testamenti
379 2793 477 2863 l'actio,
499 2793 555 2846 sive
570 2811 648 2866 pure,
668 2794 726 2848 sive
740 2795 791 2848 sub
805 2794 968 2850 condicione
981 2795 1035 2850 lre-

69 2884 117 2923 res
133 2866 272 2921 institutus
291 2867 343 2923 sit:
370 2867 494 2921 namins
520 2864 628 2921 heredis
649 2885 683 2921 eo
703 2867 745 2922 vel
766 2868 887 2923 maxime
906 2878 1033 2942 tempore
1086 2863 1088 2868 ¹

70 2939 273 3014 inspiciendum
293 2950 352 3007 est,
375 2959 431 3014 qtto
452 2939 568 3014 acquirit
586 2940 780 2997 hereditatem.
819 2942 912 2997 medio
938 2953 1032 2999 autem

70 3025 200 3088 tempore
224 3014 296 3068 inter
320 3013 424 3069 lactum
453 3024 663 3084 testamentum,
688 3025 716 3069 et
740 3025 857 3072 mortem
883 3019 1032 3088 testatoris,

69 3087 115 3143 sel
129 3085 318 3143 condicionem
334 3088 510 3143 institutionis
524 3088 704 3160 existentem,
724 3091 839 3146 mutatio
852 3091 918 3146 iuris
933 3091 1033 3148 heredi

69 3179 127 3216 non
153 3170 257 3232 nocet,
290 3162 371 3235 quia,
400 3172 429 3216 ut
457 3161 593 3233 diximus,
625 3162 677 3217 tria
705 3163 833 3238 tempora
861 3165 1032 3241 inspicimus.

67 3235 97 3290 T
99 3235 247 3291 estamenti
273 3246 366 3290 autem
383 3233 540 3291 'factionem
566 3254 623 3312 non
643 3235 730 3292 solum
748 3238 770 3293 is
788 3237 894 3295 habere
913 3240 1033 3308 videtur,

127 3414 152 3462 a)
168 3409 250 3452 tanton.
266 3431 294 3442 -
319 3411 342 3463 o)
358 3410 412 3453 altu.
427 3435 455 3443 -
476 3413 497 3464 o)
513 3422 545 3454 ea
559 3412 575 3454 t.
590 3421 623 3454 ea:
636 3412 686 3466 teos
699 3413 750 3456 XII
762 3415 822 3457 tuot.
837 3439 865 3447 -
887 3413 911 3466 tl)
927 3415 1001 3458 tatone
1014 3418 1024 3458 t

98 3535 123 3586 θ)
138 3534 168 3577 I).
184 3535 206 3576 lr.
228 3532 298 3578 lot.
321 3533 346 3589 8.
361 3533 376 3578 l.
398 3535 413 3578 Ι.
428 3535 535 3589 58.tl·‘l.;
571 3537 606 3579 13.
622 3537 676 3591 §.2
697 3537 726 3579 n.
741 3536 771 3579 tle
786 3536 837 3580 suls
848 3538 976 3591 XXXVIII,
993 3539 1030 3584 16.

68 3591 101 3634 tle
121 3593 226 3642 separat.
244 3589 321 3645 XLII,
337 3590 360 3633 u.
382 3592 398 3634 I.
416 3593 435 3635 l.
458 3591 481 3644 s.
500 3593 534 3636 18.
568 3593 584 3635 t.
602 3594 621 3634 l.
642 3595 665 3645 s.
683 3595 703 3636 2.
719 3615 746 3624 -
774 3594 798 3643 a)
813 3595 842 3637 n.
858 3593 970 3640 denonls
985 3595 1032 3640 tlt·

70 3651 87 3691 I.
103 3645 143 3700 qui
159 3651 182 3690 et
197 3646 261 3700 unilt.
277 3657 309 3690 ex
323 3647 403 3724 opusis
415 3649 433 3699 I,
442 3647 464 3690 6
480 3649 534 3701 §.a
569 3651 641 3725 mutet.
658 3649 761 3702 varlt,
778 3649 815 3692 at).
831 3651 846 3693 1.
863 3650 884 3692 t.
901 3671 928 3682 —
949 3651 1030 3718 l‘lttnt.

69 3703 420 3812 fittt‘ttttnttttlt'.
435 3703 479 3823 ll*
493 3705 534 3803 il:
569 3705 830 3810 llll.⁰ltllu²ff2⁴.⁸t
844 3707 1030 3818 pinum

70 3817 111 3874 III,
130 3817 149 3859 l.
171 3814 195 3869 S.
211 3816 248 3869 23
271 3815 300 3858 de
320 3815 432 3858 extroretl.
447 3817 487 3858 lto.
504 3819 532 3869 II,
569 3819 590 3858 lt.
607 3818 622 3859 l.
637 3818 674 3860 at.
692 3829 726 3870 pr.
742 3821 765 3872 s.
784 3823 803 3862 t.
820 3819 925 3871 IIIS.
940 3819 963 3864 9.
