2566 4344
200 353 350 416 issmrur.
377 353 426 412 Du
439 355 703 428 tursnotorrsiv,
718 361 768 416 ut.
787 355 820 439 5.
832 361 934 417 2-I.
1001 357 1066 424 103

88 503 193 562 diteris
217 512 296 574 sunt,
325 503 426 591 quihus
450 502 561 579 vetati)
590 503 694 580 aliquid
714 503 796 578 fieri,
824 504 908 562 reiuti
929 503 981 563 sim
1002 509 1065 566 siue

93 578 162 635 sitio
192 577 359 650 possidenti,
387 578 428 633 rei
455 588 593 634 mortuum
622 579 770 648 inserenti,
796 595 853 654 quo
879 578 905 636 ei
933 579 975 636 ius
1001 590 1065 638 erat

94 650 258 723 inserendi,
285 651 326 708 vei
351 651 378 707 in
401 651 463 708 ioco
485 669 565 708 sacro
585 652 727 709 aedificari
734 693 744 721 ,
764 653 806 708 vei
824 653 852 708 in
872 652 987 710 flumine
1009 673 1065 729 pu·

90 726 169 782 hlico
189 726 286 800 ripaue
306 725 366 782 eius
386 724 490 801 aliquid
512 725 589 797 fleri,
616 745 673 800 quo
691 727 770 800 peius
789 727 945 800 navigetur.
983 731 1065 786 resti-

87 801 196 858 iuturiu
218 807 301 868 sunt,
332 799 433 875 quihus
458 801 563 860 residui
590 799 694 875 ahquid
723 801 821 873 iubet,
851 801 935 857 seiuti
963 802 1063 877 cumr)

92 875 234 930 honorum
261 874 415 947 possessori
441 874 644 947 possessionem
672 891 789 946 eorum,
822 891 896 950 qsrae
922 876 983 951 quis
1011 894 1064 950 pro

91 947 220 1015 herede,
245 957 294 1003 aut
312 964 363 1021 pro
383 964 542 1021 possessore
561 947 686 1021 possidet
704 965 739 1005 ex
758 965 793 1003 ea
812 947 988 1022 hereditate,
1014 958 1065 1006 aut

87 1039 159 1077 cum
180 1021 258 1076 iubet
276 1020 313 1090 ei,
335 1021 382 1096 qui
403 1021 465 1094 vit)
505 1022 697 1096 ossessione·)
716 1021 797 1077 fundi
817 1021 942 1078 deiectus
956 1024 1006 1097 sit,
1018 1041 1066 1081 re-

93 1096 172 1152 siitui
192 1095 405 1169 possessionem.
497 1093 601 1153 ihiioriu
621 1105 701 1164 sunt,
726 1113 776 1169 per
797 1113 870 1170 quae
889 1096 968 1151 iubet
986 1097 1066 1154 erhi-

89 1165 172 1239 ὀπὶ,
203 1169 287 1224 veluti
309 1185 390 1241 eum,
418 1169 496 1225 cuius
516 1169 552 1225 de
572 1169 701 1226 libertate
719 1169 833 1243 agitur,
855 1179 905 1224 aut
924 1169 1066 1240 libertum,

87 1241 141 1298 cui
160 1253 295 1316 patronus
314 1261 415 1316 operas
434 1243 557 1299 indicere
577 1243 661 1313 seht,
683 1253 731 1298 aut
749 1243 859 1316 parenti
878 1243 996 1315 liberos,
1016 1246 1065 1319 qui

93 1316 124 1372 in
150 1326 290 1389 potestate
316 1317 375 1372 eius
399 1327 472 1374 sunt.
510 1315 583 1373 Sunt
602 1326 712 1389 tamen,
738 1317 786 1391 qui
806 1326 921 1390 putant,
946 1319 1063 1390 proprie

87 1388 238 1447 interdicto
256 1407 291 1446 ea
310 1390 419 1461 vocari,
460 1407 512 1447 uae
530 1389 714 1463 prohibitoria
729 1399 807 1463 sunt,
828 1391 893 1466 quia
907 1390 1064 1448 interdicere

85 1471 140 1518 est
157 1461 358 1522 denuntiasset
375 1481 425 1542 pro
445 1467 451 1480 '
468 1481 528 1536 ers;
550 1464 721 1522 restitutoria
740 1473 833 1520 autem
850 1473 879 1521 et
893 1464 1062 1520 exirihitorin

91 1538 210 1609 proprie
228 1535 334 1596 deordu
354 1538 464 1595 vocari:
484 1538 534 1594 sed
550 1548 643 1594 tamen
658 1538 792 1611 obtinuit,
814 1538 907 1594 omnia
921 1536 1063 1598 interdicto

92 1610 249 1684 appulisti,
274 1611 340 1687 quia
366 1613 436 1669 inter
459 1609 526 1668 duos
546 1610 716 1683 dicuutur²).
741 1644 778 1654 —
815 1611 944 1688 Sequens
963 1613 1095 1672 divisioz

93 1685 306 1742 interdictorum
333 1685 405 1742 haec
430 1695 488 1754 est,
516 1684 593 1760 quod
612 1685 751 1760 quaedam
778 1684 976 1758 adipiscendae
996 1705 1065 1760 pos·

90 1758 226 1814 sessionis
242 1776 327 1816 causa
342 1769 506 1832 comparata
519 1767 597 1829 sunt,
618 1758 757 1833 quaedam
774 1757 953 1831 retinendae,
972 1777 1066 1835 quae-

85 1833 162 1888 ·dam
182 1832 384 1906 reciperandae
395 1836 431 1905 ³).
484 1831 689 1907 adipiscendae
710 1832 892 1906 possessionis
914 1851 1000 1889 causa
1018 1834 1093 1891 irs-a

93 1905 244 1962 terdictum
264 1907 495 1964 accommodatur
514 1907 650 1962 bonorum
672 1905 843 1982 possessori,
867 1906 943 1981 quod
963 1908 1066 1983 eppei-

94 1979 171 2035 iatur
191 1997 303 2056 qrwrurn
321 1977 464 2052 hunorum,
484 1981 600 2056 eiusque
620 1981 659 2035 vis
676 1989 706 2036 et
722 1989 845 2054 potestas
860 1977 932 2036 haec
946 1991 1002 2054 est,
1024 1987 1066 2052 ut,

87 2052 174 2128 quod
201 2072 237 2109 ex
263 2053 304 2110 his
332 2055 413 2109 bonis
437 2053 571 2130 quisque,
600 2071 719 2130 quorum
739 2051 877 2128 possessio
895 2052 977 2108 alicui
996 2055 1066 2110 data

86 2135 155 2200 est,
182 2145 234 2202 pro
255 2127 360 2184 herede
381 2136 429 2182 aut
454 2145 506 2203 pro
531 2144 691 2204 possessore
711 2127 875 2202 possideat,
903 2125 994 2197 idei,
1019 2127 1067 2183 cui

91 2201 234 2257 ‘bonorum
253 2202 391 2276 possessio
410 2200 477 2257 data
497 2213 554 2274 est,
581 2201 729 2258 restituere
749 2200 852 2257 debeat
872 2199 938 2276 (pro
957 2199 1066 2258 herede

88 2286 190 2332 autem
209 2276 354 2351 possidere
373 2273 500 2348 videtur,
527 2275 575 2350 qui
595 2285 685 2350 putat,
703 2292 735 2331 se
752 2273 885 2331 heredem
905 2292 984 2349 esse,
1010 2292 1064 2351 pro

95 2365 259 2420 possessore
277 2350 301 2405 is
320 2348 453 2424 possidet,
471 2349 518 2424 qui
538 2348 612 2404 nuiio
632 2349 693 2404 iure
713 2367 771 2405 rem
791 2346 1000 2423 hereditariam,
1019 2349 1066 2406 rel

87 2421 182 2478 -etiam
201 2432 288 2478 totam
307 2421 506 2494 hereditatem,
527 2422 634 2491 sciens,
651 2421 687 2478 ad
703 2439 733 2479 se
746 2440 801 2478 non
817 2421 974 2497 pertinere,
995 2441 1064 2498 pos-

96 2495 194 2568 sidet).
232 2497 296 2553 ideo
323 2507 416 2554 autem
440 2494 628 2571 adipiscendae
646 2497 822 2572 possessionis
840 2505 956 2552 vocatur
975 2497 1065 2554 ister-

97 2569 220 2639 dictum,
239 2570 305 2646 quia
324 2572 350 2626 ei
367 2581 475 2626 tantum
497 2570 563 2627 utile
583 2579 641 2643 est,
661 2571 708 2645 qui
723 2589 798 2626 nunc
811 2570 930 2644 primurn
946 2581 1066 2628 conatur

89 2641 211 2719 adipisci
232 2645 272 2700 rei
289 2646 500 2719 possessionen:
518 2645 614 2721 itaque
631 2645 654 2699 si
672 2644 749 2720 quis,
769 2643 889 2718 adeptus
908 2645 1065 2719 possessio-

96 2735 179 2789 nem,
201 2719 325 2774 amiserit
343 2735 429 2790 eam,
452 2717 505 2774 hoc
522 2718 700 2774 interdictum
721 2717 746 2773 ei
767 2717 864 2773 inutile
884 2727 935 2772 est.
971 2717 1065 2773 Inter-

97 2789 203 2847 dictum
229 2808 359 2868 quoque,
385 2792 460 2867 quod
486 2792 645 2867 appellatur
663 2788 839 2858 Saleianum,
865 2789 1064 2864 adipiscendae

96 2864 283 2939 possessionis
303 2883 387 2922 causa
412 2876 605 2941 comparatum
625 2873 689 2933 est,
719 2879 810 2938 eoque
830 2863 916 2918 utitur
935 2863 1066 2920 dominus

96 2937 178 2994 fundi
204 2937 240 2996 de
266 2940 349 2995 rebus
374 2938 482 3010 coloni,
509 2957 580 3015 quas
605 2939 628 2993 is
653 2955 705 3012 pro
725 2935 901 2993 mercedibus
920 2934 999 2993 fundi
1018 2939 1065 3013 pi-

97 3012 180 3088 gnori
202 3011 310 3069 suturas
331 3009 531 3089 pepigisset⁴).
579 3011 756 3068 Retinendae
777 3011 958 3086 possessionis
979 3027 1095 3074 causae

96 3097 263 3160 comparata
282 3098 346 3143 sunt
364 3085 511 3143 interdicta
531 3087 571 3143 uti
588 3083 744 3163 possidetis,
765 3094 794 3140 et
812 3083 919 3158 umet,
945 3105 1007 3144 cum
1027 3087 1065 3143 ab

97 3169 218 3235 utraque
246 3170 327 3235 parte
354 3161 391 3218 de
414 3160 587 3236 proprietate
614 3159 729 3216 alicuius
754 3159 796 3216 rei
815 3163 1002 3218 controversia
1020 3161 1066 3234 sit,

88 3242 127 3291 -et
153 3243 219 3290 ente
266 3234 406 3303 uaeritur,
433 3245 495 3290 uter
514 3251 550 3292 ex
568 3233 752 3308 litigatoribus
771 3233 930 3308 possidere,
954 3244 983 3292 et
1003 3243 1066 3290 uter

90 3316 196 3382 ¹petere
216 3253 329 3366 dedeat.
367 3325 489 3383 namque
508 3308 559 3365 nisi
580 3319 645 3364 ante
662 3307 837 3383 exploratum
857 3306 957 3380 suerit,
977 3307 1066 3364 utrius

95 3520 380 3629 p·¹},³,','r⁰⁶t⁰r⁰‘“
418 3517 629 3573 ansteum-
666 3515 852 3569 stertet-
888 3515 1066 3572 adesam

87 3607 135 3631 ,.,
212 3609 216 3620 .

127 3700 476 3755 ItD.h.l.1.pr.s.t.-
496 3700 521 3750 a)
536 3702 564 3743 I).
599 3691 839 3751 1.eoo.v1n‚2.'-
856 3697 885 3740 D.
902 3696 932 3740 do
946 3694 1066 3740 susiane

96 3759 120 3800 h.
136 3757 183 3802 la.
199 3757 254 3811 §.a
271 3782 295 3792 -
317 3757 340 3809 ⁴)
355 3759 384 3801 n.
396 3766 495 3809 quorum
511 3757 564 3798 hou.
599 3755 683 3799 tatere.
699 3755 789 3806 XLIII,
804 3753 843 3797 33.
873 3753 900 3798 c.
915 3753 946 3797 de
960 3761 1023 3806 pree
1038 3753 1066 3797 et

96 3814 182 3870 XLIII,
199 3815 221 3858 ἲ.
252 3816 279 3860 c.
294 3815 338 3859 I'h.
355 3813 406 3857 eod.
422 3813 462 3868 IV,
479 3812 517 3856 tt.
538 3811 564 3856 C.
600 3814 624 3854 Β.
640 3811 681 3854 hrt.
696 3810 759 3867 vm,
775 3809 797 3854 9.

140 3895 204 3939 Iusr.
217 3896 409 3940 tssrsruuosrs.
887 3864 900 3921 Ῑ
