2516 4328
11 347 185 410 lusnnur.
210 346 888 431 liaarnaruaaoa.lll,2ti.(2t.)Pr.§.t-tt.
933 347 996 415 lll

11 497 82 565 Qui
104 495 165 554 hoc
184 514 259 553 anno
280 504 329 552 aut
347 495 401 552 lroc
421 513 517 554 meare
537 495 599 553 dari
612 497 760 572 stipulatur
774 497 819 570 ait,
836 497 889 554 uiri
903 498 1040 562 omni-ae

11 573 74 628 bue
152 570 240 626 rtibur
264 569 424 644 praeteritis
449 569 516 626 anui
541 571 584 628 rel
612 571 729 643 mentia,
757 589 814 628 noa
842 579 917 630 recte
942 589 997 648 pe-

11 654 59 702 tet
70 588 151 720 ²²3?
176 643 208 700 Si
227 642 346 700 fundum
362 643 425 699 dari
444 642 584 719 stipulerir
603 644 654 700 rel·
665 644 823 717 bominem,
840 663 897 703 non
912 656 1040 724 pote-at

11 719 56 774 ris
88 717 229 776 continuo
252 734 355 791 agere,
388 716 441 774 nini
468 725 575 775 tantum
604 718 687 793 spatii
712 719 906 794 praeterierit,
939 737 996 797 quo

11 791 149 848 traditio
165 790 228 848 lieri
249 791 402 866 pouit³³).

256 945 450 998 rtrunus
485 943 772 1000 vionustuus

287 1053 290 1060 ,
310 1012 543 1081 (aranearum
560 1012 716 1078 ramus).

97 1110 226 1192 unt:
289 1111 932 1178 rinntussonrnus.

80 1236 142 1293 Pro
162 1253 215 1309 eo,
241 1238 290 1314 qui
309 1239 460 1314 promittit,
479 1239 569 1296 solent
586 1239 632 1296 alii
652 1239 784 1314 obligari,
806 1239 854 1370 qiui
874 1239 1033 1297 fideiur-ltr

13 1329 110 1368 soree
142 1310 342 1386 appellantur,
378 1332 450 1388 quoa
479 1313 608 1370 lrorninea
635 1314 763 1390 accipere
789 1332 820 1369 ro
831 1324 896 1386 ent,
929 1313 998 1371 dum

16 1394 149 1454 curant,
175 1393 205 1440 ut
231 1384 279 1442 dili
300 1386 392 1446 entiua
417 1387 470 1444 sibi
490 1399 604 1444 cautum
622 1387 706 1461 rit²);
744 1387 778 1442 ln
797 1387 926 1444 omnibua
944 1399 1022 1445 au-t

19 1467 85 1514 tem
115 1404 334 1533 obligationidua
360 1461 464 1518 aaaunri
482 1470 621 1538 potsunt,
651 1461 679 1516 id
700 1470 758 1533 ert,
785 1461 843 1518 rire
862 1479 913 1530 re,
939 1462 999 1519 aire

18 1532 141 1604 verbio,
169 1533 227 1589 aire
246 1533 348 1606 literis,
369 1535 426 1592 rire
445 1552 583 1592 consentu
602 1544 763 1592 contractae
781 1532 894 1592 suerint.
933 1538 998 1609 at·)

19 1623 62 1662 ne
94 1603 164 1662 illud
191 1605 304 1682 quidem
331 1608 463 1677 intereat,
489 1617 581 1666 utrum
607 1608 708 1681 civilis,
741 1626 776 1666 an
803 1607 937 1665 naturalia
962 1609 1000 1665 ait

20 1679 184 1755 obligatio,
212 1681 257 1738 cni
282 1680 430 1739 alliciatur
447 1681 616 1755 fideiussor,
646 1680 719 1739 adeo
738 1681 869 1757 quidem,
897 1692 928 1737 ut
945 1699 998 1757 pro

22 1771 112 1810 servo
139 1771 252 1830 quoque
272 1755 429 1830 obligetur,
457 1755 515 1813 aire
534 1765 686 1812 extraneus
704 1755 756 1827 rit,
783 1756 830 1884 dni
850 1756 999 1812 fideiusso-

23 1845 90 1884 rem
112 1845 129 1884 a
149 1844 229 1884 servo
247 1829 381 1905 accipiat,
409 1831 468 1887 aire
493 1829 554 1904 ipse
580 1828 709 1886 dominus
731 1827 787 1885 ini
815 1871 823 1900 ‚
850 1829 926 1904 quod
945 1829 998 1886 eibi

23 1900 198 1958 naturaliter
223 1900 390 1978 debetur³).
441 1902 604 1961 Fideiussor
631 1921 686 1960 non
714 1911 822 1959 tantum
842 1902 904 1977 ipse
924 1903 1026 1958 obli-²

24 1985 133 2049 gatur,
151 1974 203 2032 aed
222 1976 306 2035 etiam
325 1977 459 2035 heredem
480 1977 633 2053 obligatum
653 1976 783 2064 relinquit
793 1975 831 2050 ⁴).
868 1975 1027 2032 Fideiuua

23 2067 77 2104 eor
105 2059 136 2106 et
162 2051 335 2137 praecedere
360 2051 576 2128 obligationem,
611 2055 641 2108 et
665 2069 746 2127 sequi
774 2050 917 2125 potest⁵).
966 2047 1026 2105 Sit

25 2123 129 2197 plures
146 2133 201 2179 arnt
217 2123 415 2199 fideiussorer,
437 2136 575 2202 quotquot
593 2133 675 2182 erunt
693 2135 830 2193 numero,
848 2121 949 2198 ringuli
970 2123 1004 2178 in

25 2197 153 2253 solidum
173 2207 314 2257 tenentur.
346 2199 442 2276 itaque
461 2199 580 2258 liberum
599 2206 642 2256 ert
660 2198 808 2267 creditori,
824 2213 842 2254 a
859 2215 915 2274 quo
935 2194 1001 2252 velit

26 2271 153 2328 solidum
180 2282 289 2346 petere.
327 2272 386 2330 Sed
410 2291 447 2331 ex
471 2273 590 2349 epistola
616 2273 672 2328 diri
693 2271 828 2329 Hadriani
854 2269 1001 2347 compelli·

27 2353 77 2400 tur
97 2344 240 2417 creditor,
262 2363 279 2403 a
298 2346 430 2421 singulis,
455 2349 503 2422 qui
524 2347 610 2404 modo
629 2347 764 2404 aolrendo
783 2346 838 2402 aiot
857 2345 911 2401 litis
930 2363 1001 2402 con-

26 2428 154 2476 testatae
173 2428 318 2495 tempore,
338 2431 433 2497 partes
455 2431 562 2497 petere.
591 2419 730 2497 ideoque,
747 2419 770 2476 ei
789 2419 851 2496 quia
871 2436 907 2476 ex
926 2418 1001 2476 lide-

28 2492 186 2548 iussoribus
204 2511 239 2550 eo
260 2504 387 2570 tempore
406 2494 540 2552 solvendo
560 2513 616 2552 non
635 2495 680 2568 ait,
699 2495 754 2551 hoo
769 2504 878 2550 ceteros
893 2502 1000 2551 onerat.

28 2566 83 2622 red
111 2576 156 2636 et,
184 2567 207 2622 ri
234 2567 271 2624 ab
297 2587 353 2627 uno
382 2568 547 2626 fideiussore
572 2567 695 2627 creditor
720 2578 809 2625 totum
836 2577 1000 2626 consecutus

28 2639 140 2710 luerit,
161 2639 244 2696 huius
263 2642 348 2698 solius
366 2643 562 2701 detrimentum
583 2643 653 2716 erit,
672 2643 695 2698 ri
712 2643 753 2712 ia,
778 2660 830 2716 pro
850 2659 906 2717 qno
927 2639 1001 2701 fide-

29 2713 128 2786 iurrit,
153 2713 287 2771 solvendo
306 2734 364 2772 non
383 2717 434 2775 rit:
460 2727 489 2773 et
507 2715 558 2772 ribi
577 2717 718 2789 imputare
736 2714 837 2785 debet,
863 2732 926 2770 curn
945 2731 1001 2790 po-

30 2787 119 2845 tuerit
138 2786 264 2844 adiuvari
285 2806 321 2846 ex
341 2791 460 2866 epistola
478 2788 535 2846 divi
551 2788 702 2860 Hadriani,
723 2797 752 2844 et
769 2787 948 2859 desiderare,
970 2795 1001 2842 ut

29 2879 86 2935 pro
114 2872 196 2936 parte
222 2862 250 2918 in
278 2879 309 2920 ae
336 2862 421 2921 detur
446 2862 566 2933 actio⁶).
610 2861 802 2919 Fideiussorea
822 2860 862 2916 ita
881 2859 1029 2934 obligarit

31 2953 89 2991 non
118 2944 252 3010 possunt,
282 2943 313 2993 ut
337 2938 400 3013 plus
426 2937 566 3006 debeant,
593 2953 677 3011 quarn
697 2934 783 2992 debet
805 2933 846 3007 ir,
871 2951 999 3010 proquo

30 3009 212 3084 obligantur:
240 3027 305 3068 narn
325 3021 354 3068 et
364 3008 391 3086 l)
418 3029 515 3069 eorum
539 3009 673 3084 obligatio
692 3007 815 3066 arcentio
835 3016 879 3064 eat
895 3007 1001 3084 princi-

32 3083 106 3170 palia
122 3082 313 3156 obligationis,
336 3102 389 3142 nec
408 3085 471 3161 plur
489 3085 518 3141 in
537 3083 699 3142 acromione
715 3099 777 3141 eme
793 3090 895 3160 potest,
914 3099 1000 3160 quam

32 3175 61 3212 m
87 3156 237 3246 principali
264 3176 304 3216 re.
343 3168 373 3215 at
392 3177 428 3216 ex
449 3158 580 3231 diverto,
603 3168 633 3214 ut
652 3159 743 3215 minue
761 3156 900 3230 debeant,
927 3155 1001 3214 obli·

32 3248 95 3304 gan
124 3238 249 3306 ponunt.
292 3231 408 3308 ltaque,
439 3233 462 3289 ri
489 3250 553 3290 reue
579 3231 677 3290 decem
705 3249 807 3291 aureae
831 3229 1001 3308 promiserit,

33 3349 254 3364 NJ

91 3405 370 3462 mm-mmm

63 3531 337 3586 minuata·
369 3533 501 3587 aain.n
537 3532 577 3578 ιιι

36 3587 51 3632 ι
68 3587 107 3634 ra.
125 3588 178 3634 rra.
193 3588 218 3646 s.
233 3587 257 3634 r.
536 3611 565 3623 -

66 3697 156 3753 trent.
175 3702 224 3758 111,
247 3699 404 3747 uma
433 3700 503 3746 rior.
536 3643 591 3744 l‘.
631 3676 637 3688 '
670 3675 675 3687 '
722 3674 728 3688 '
769 3674 776 3687 '

37 3756 176 3810 centnm.
191 3758 221 3803 n.
234 3755 502 3814 intromittunt.
537 3759 561 3802 ιι.

37 3812 64 3858 c.
87 3813 138 3859 ιιι.
159 3813 229 3872 vm,
252 3813 292 3860 rr.
313 3833 341 3846 -
377 3812 451 3868 arn.
473 3812 503 3857 ιι
538 3812 576 3858 rr.
