2516 4328
235 345 298 413 158
348 348 497 408 lusrrrur.
525 344 575 405 lle
591 363 674 414 nun,
690 359 740 411 uu.
753 359 796 402 rx
812 359 884 402 nun.
897 361 929 402 rr.
947 344 1003 416 lv,
1020 351 1050 402 t.
1074 343 1109 426 5.
1125 351 1158 406 t.
1171 351 1203 405 u.

234 493 423 556 manifestum.
475 511 540 551 nam
577 510 664 549 conce
686 502 743 548 tum
778 504 807 548 et
838 490 964 548 oblatum
995 493 1111 568 species
1151 511 1205 569 po-

234 572 289 626 tius
315 568 432 626 actionis
453 577 517 623 eunt
539 566 614 623 furto
634 511 834 638 cohaerentes,
863 581 946 641 quan
973 581 1081 640 genera
1110 565 1204 624 furto-

234 662 317 715 rum,
345 642 417 698 sicut
444 639 559 696 inferius
579 639 737 715 apparebit.
773 636 937 694 Manifestus
956 637 1006 694 fur
1024 649 1085 712 est,
1118 657 1206 716 quem

235 716 338 776 Graeci
361 721 403 776 ἐπ’
424 719 491 775 αὐτο
511 717 555 789 m'p
589 725 616 787 ⁷)
646 711 806 788 appellant:
831 729 883 768 nec
909 711 999 768 solum
1022 713 1066 786 ir,
1120 715 1151 770 ui
1177 715 1204 769 in

234 792 297 864 ipso
316 789 392 848 furto
411 741 646 864 deprehenditur,
666 786 715 842 sed
734 786 818 841 etiam
835 785 873 856 is,
892 785 939 861 qui
955 804 991 843 eu
1009 785 1074 843 locu
1094 732 1205 862 depre-

236 863 384 936 henditur,
402 881 458 938 quo
477 861 529 935 fit,
550 861 633 918 veluti
652 859 699 935 qui
717 854 829 988 domttp
849 857 953 915 furtum
972 857 1059 929 fecit,
1077 871 1111 918 et
1134 879 1207 917 non·

236 936 302 993 dum
322 953 449 1011 egressus
469 935 581 993 ianuam
601 933 792 1010 deprehensos
824 932 916 1003 uerit,
936 942 966 988 et
983 931 1033 1009 qni
1050 933 1080 990 in
1097 933 1207 992 oliveto

235 1009 387 1080 olivarum,
412 1020 461 1066 aut
487 1010 516 1066 in
537 1010 630 1066 vineto
650 1023 765 1063 orarum
783 1004 888 1062 furtum
908 1005 992 1079 fecit,
1013 1007 1159 1136 quamdiu
1178 1010 1204 1064 in

236 1083 337 1141 oliveto
356 1095 405 1140 aut
424 1083 451 1139 in
473 1083 565 1140 vineto
583 1082 636 1150 fur¹
648 1077 840 1156 deprehensus
859 1079 910 1153 sit3
931 1079 986 1137 imo
1005 1081 1129 1138 aterius
1145 1082 1204 1137 fur-

235 1169 294 1212 tum
319 1155 495 1213 manifestum
521 1153 728 1214 extendendum
748 1162 806 1224 est,
832 1153 965 1228 quamdiu
984 1159 1049 1210 eam
1071 1172 1139 1212 rem
1162 1155 1204 1210 fur

238 1241 337 1288 tenens
363 1231 434 1288 risus
461 1231 503 1287 vel
522 1228 712 1306 deprehensus
732 1225 836 1296 fuerit,
861 1226 966 1284 sivein
985 1227 1123 1302 publico,
1150 1230 1204 1284 sire

238 1305 266 1359 in
286 1303 417 1391 privato,
444 1304 487 1360 rel
505 1321 522 1359 a
538 1303 669 1375 domino,
694 1299 738 1356 tel
754 1300 789 1356 ab
808 1298 883 1372 alio,
903 1299 1056 1381 antequam
1077 1320 1118 1358 en
1139 1321 1201 1378 per-

239 1386 360 1450 veniret,
386 1395 443 1453 quo
463 1377 588 1452 perferre
608 1393 641 1431 ac
660 1374 804 1447 deponere
823 1391 881 1430 rem
898 1373 1076 1432 destinasset.
1111 1377 1164 1432 sed
1182 1378 1201 1431 si

239 1450 400 1526 pertulerit,
419 1469 475 1526 quo
494 1449 657 1520 destinarit,
676 1447 823 1504 tamenetsi
840 1446 1072 1522 deprehendatur
1086 1468 1157 1506 cum
1174 1468 1201 1504 rs

238 1524 357 1594 furtiva,
386 1541 440 1579 non
467 1532 510 1580 est
536 1521 699 1580 manifestus
722 1518 776 1576 fur.
815 1517 878 1577 Nec
896 1520 1078 1578 manifestum
1096 1522 1201 1579 furtum

240 1595 308 1672 quid
332 1597 382 1668 sit,
409 1613 444 1652 ex
470 1595 528 1669 his,
553 1612 627 1672 quae
650 1594 787 1666 diximus,
814 1593 999 1670 intellegitur:
1026 1613 1098 1652 nam
1129 1597 1201 1672 quod

237 1667 415 1728 manifestum
447 1687 504 1725 uon
541 1679 584 1727 est
633 1668 661 1724 id
687 1667 790 1726 scilicet
821 1685 874 1724 nec
901 1668 1083 1726 manifestum
1113 1671 1199 1745 θεῖ’)

211 1743 415 1818 ⁴Cunceptum
447 1742 551 1799 furtum
582 1713 699 1812 dicitnr,
733 1758 795 1796 cunr
831 1740 907 1817 apud
934 1741 1057 1818 aliquem
1085 1745 1201 1801 testibus

237 1817 431 1893 praesentibus
456 1817 557 1873 furtiva
584 1834 628 1873 res
656 1814 782 1891 quaesita
812 1825 841 1870 et
865 1816 978 1872 inventa
1004 1814 1057 1874 sit:
1084 1818 1201 1874 namin

238 1908 301 1946 eum
322 1891 437 1966 propria
453 1891 526 1948 actio
546 1890 694 1949 constituta
708 1897 766 1959 est,
785 1888 910 1963 quamvis
924 1888 971 1945 fur
986 1907 1043 1945 non
1062 1891 1113 1960 sit,
1133 1908 1201 1966 quae

238 1965 397 2039 appellator
412 1964 549 2038 concepti.
588 1958 721 2019 Oblatum
741 1960 844 2017 furtum
864 1961 979 2031 dicitur,
999 1981 1063 2018 curn
1081 1981 1132 2020 res
1146 1965 1202 2020 for·

238 2039 293 2094 tiva
313 2039 349 2094 afb
369 2038 462 2114 aliquo
474 2037 531 2093 tibi
553 2037 647 2093 oblata
665 2035 716 2108 sit,
734 2051 824 2110 eaque
845 2035 921 2111 apud
943 2045 971 2093 te
991 2047 1139 2113 concepta
1157 2041 1199 2109 sit,

238 2111 334 2187 utique
360 2113 383 2167 si
409 2129 444 2168 ea
470 2121 564 2168 mente
589 2110 639 2165 tibi
664 2109 731 2165 data
757 2107 857 2181 fuerit,
892 2121 922 2165 ut
948 2109 1024 2185 apud
1054 2120 1083 2168 te
1111 2113 1202 2188 potins
1246 2129 1247 2132 ¹

239 2203 323 2263 quarn
352 2184 429 2260 apud
457 2203 538 2258 eum,
565 2185 613 2259 qui
643 2181 769 2254 dederit,
803 2181 1013 2258 conciperetur:
1048 2201 1117 2240 narn
1148 2187 1200 2257 tibi,
1246 2183 1247 2232 ἒ

239 2260 315 2332 apud
342 2277 424 2333 quem
445 2267 580 2333 concepta
601 2258 651 2329 sit,
682 2256 795 2330 propria
817 2255 948 2312 adversus
973 2274 1056 2326 eum,
1080 2259 1135 2334 qni
1155 2261 1201 2314 ob-
1246 2259 1247 2296 l

240 2333 314 2402 tulit,
335 2333 461 2406 quamvis
476 2332 521 2388 fur
538 2349 595 2388 non
614 2331 663 2404 sit,
684 2329 831 2386 constituta
848 2330 987 2402 eductio,
1007 2349 1083 2405 quae
1102 2333 1201 2408 appel·
1246 2369 1247 2386 r

240 2405 314 2460 latur
335 2405 428 2461 oblati.
467 2405 518 2460 ltu
539 2406 622 2460 etiam
642 2403 774 2478 prohibiti
794 2401 860 2458 furti
880 2403 952 2459 actio
972 2402 1110 2460 adversus
1132 2425 1201 2473 euru,
1246 2425 1247 2474 j

241 2477 289 2552 qui
314 2476 418 2533 furtum
439 2495 575 2553 quaerere
595 2478 710 2533 testibus
730 2476 922 2550 praesentibus
943 2478 1084 2534 volentem
1106 2481 1201 2566 prohi-
1246 2529 1247 2550 q

241 2551 342 2606 buerit.
376 2549 527 2608 Praeterea
554 2567 647 2627 poena
673 2550 846 2605 constituitur
869 2550 960 2608 edicto
986 2562 1132 2626 praetorto
1157 2571 1203 2627 per

242 2623 380 2680 actionem
407 2623 473 2680 furti
500 2642 555 2680 non
583 2623 698 2680 exhibiti
726 2622 857 2680 adversus
884 2643 965 2693 eum,
1014 2626 1041 2679 ui
1071 2625 1202 2682 furtivam

242 2713 301 2754 rem
327 2697 403 2773 apud
427 2716 459 2755 se
483 2699 637 2773 quaesitam
666 2708 694 2752 et
718 2697 858 2752 inventam
886 2717 942 2754 non
964 2643 1104 2756 exhihuit.
1148 2700 1202 2757 Sed

240 2771 297 2828 hae
317 2772 458 2845 actiones,
482 2772 512 2828 id
532 2782 574 2828 est
597 2771 724 2844 concepti
746 2781 774 2826 et
793 2770 895 2845 oblati,
923 2781 952 2828 et
971 2773 1038 2827 furti
1058 2772 1201 2848 prohibiti,

241 2863 364 2902 necnon
384 2846 450 2902 furti
470 2865 526 2903 nou
543 2845 675 2916 exhibiti,
693 2845 720 2898 in
739 2843 951 2901 desuetudinem
971 2845 1116 2903 abierunt.
1144 2867 1203 2904 curn

242 2921 316 2976 enirn
335 2920 478 2996 requisitio
496 2920 536 2976 rei
553 2919 671 2975 furtivae
691 2917 775 2973 hodie
790 2919 941 2976 secundum
962 2928 1087 2976 veterem
1105 2921 1203 2977 obser·

241 2993 380 3049 rationem
404 3011 462 3049 non
482 2992 530 3049 fit:
559 2993 656 3048 merito
675 3009 710 3046 ex
729 2994 928 3067 consequentia
947 2993 1031 3050 ctiam
1053 2994 1203 3069 praefatae

242 3066 366 3121 actiones
383 3066 483 3121 abusu
500 3065 639 3122 communi
653 3077 847 3136 recesserunt,
869 3085 931 3122 eum
946 3065 1204 3124 manifestissimum

242 3148 304 3206 est,
323 3138 398 3266 quod
410 3144 434 3208 ο)
457 3156 569 3207 omnes,
596 3139 642 3213 qui
661 3138 780 3195 trientes
799 3157 856 3194 rern
876 3139 1004 3196 furtivam
1027 3159 1110 3197 susce
1135 3143 1203 3198 erim

212 3217 272 3268 let
299 3210 464 3282 erraverint,
489 3211 554 3266 furti
582 3230 633 3268 nec
653 3211 791 3267 manifesti
811 3213 925 3270 obnoxii
945 3217 1057 3284 runt⁹).
1107 3161 1204 3273 gneus

241 3283 381 3341 manifesti
400 3284 466 3340 furti
485 3285 633 3360 quadrupli
653 3295 709 3355 est,
729 3296 784 3340 tarn
806 3305 842 3342 ex
861 3287 933 3343 servi
955 3306 1094 3364 persona,
1118 3309 1203 3366 quam

242 3375 279 3416 ex
298 3358 396 3433 liheri;
415 3377 469 3417 nec
486 3360 626 3416 manifesti
644 3359 721 3434 dupli
734 3361 785 3432 ¹⁰).
1245 3365 1246 3368 ’

297 3499 322 3553 d)
335 3501 360 3544 ta
374 3501 449 3548 domo.
464 3523 492 3536 -·
522 3503 544 3554 e)
558 3502 625 3558 qula,
641 3501 703 3554 quod
717 3509 771 3545 ana.

270 3605 326 3659 ’1)1.
341 3607 602 3662 e.tsttpro!urtu.-
635 3606 703 3658 dli).
736 3607 863 3661 xv1,to.
887 3608 1204 3666 -r.n.s.1s.rr.-

240 3673 267 3717 a.
280 3672 297 3714 r.
312 3672 391 3718 r...s.
415 3673 551 3726 narrentur
564 3682 589 3717 v.
603 3659 702 3714 Ἐπαυ-
738 3663 777 3714 10)
791 3665 871 3708 Plaut.
891 3666 986 3710 curcur.
999 3664 1030 3721 v,
1052 3667 1083 3724 a,
1108 3669 1150 3714 as.
1176 3671 1205 3717 n.

242 3722 369 3796 τοφάδες-
389 3759 418 3770 -
456 3739 480 3789 a)
499 3740 581 3783 rau.
602 3739 703 3782 ruenni.
737 3720 760 3764 ¹¹·
775 3721 791 3764 ¹·
807 3719 845 3766 ⁴⁶·
861 3719 885 3775 t·
901 3721 924 3765 ¹·
938 3721 954 3764 ¹·
968 3719 1007 3766 ω.
1023 3730 1059 3774 rr·

240 3795 284 3851 111,
302 3796 323 3846 t,
339 3796 391 3837 bs..
403 3794 467 3848 ,θὶς
482 3797 505 3851 o,
522 3792 628 3838 tumst.
644 3794 703 3838 Gcll
