2566 4344
175 337 177 344 ·
219 299 378 359 inermos..
396 298 608 360 lirum-niro
625 300 921 383 111,x‚ao.'<ar.),.Pr.
998 305 1063 370 149

89 447 297 506 renuntiaverit
322 448 464 520 societati,
491 457 521 504 ut
545 449 697 508 obveniens
724 448 837 524 aliquod
857 449 963 508 lucrum
985 455 1062 510 solus

90 521 222 652 gabaat,
249 521 332 579 relati
358 522 382 578 si
401 530 522 596 totorum
542 523 679 580 bonorum
697 524 815 596 socius„
830 542 892 580 cnm
911 527 947 582 ab
966 527 1061 603 aliquo

116 610 178 652 eres
197 605 271 652 esset
289 595 463 665 relictus,.in
482 595 537 653 hoc
551 597 751 665 renuntiaverit
764 597 907 670 societati,
929 609 958 656 ut
976 599 1062 658 here-

90 668 213 726 ditatem
238 667 313 728 solus
331 669 530 741 lucrifaceret,
558 680 675 758 cogetur
684 667 710 747 s)
736 670 791 727 hoc
808 670 916 728 lucrum
934 692 1063 732 commu·
1097 700 1100 706 ·

91 741 209 816 nicare3
229 742 336 818 siquid
356 761 422 801 vero
443 743 518 800 aliud
537 743 708 818 lucrifaciat,
728 742 804 820 quod
820 762 877 801 non
890 749 1060 822 captaverit,

90 815 133 875 ad
160 817 253 890 ipsum
280 817 370 875 solum
396 817 527 892 pertinet.
565 818 592 874 ei
613 835 696 892 vero,
724 819 770 874 cui
795 819 982 884 renuntiatum
1004 833 1061 894 est,

89 889 239 967 quicquid.
262 891 375 948 omnino
407 901 472 966 post
496 891 683 948 renuntiatam
710 891 873 948 societatem
900 895 1061 970 acquiritur,

91 962 148 1022 soli
172 963 416 1040 concediturf)⁶).
462 963 586 1022 Solvitur
611 963 705 1022 adhuc
726 965 847 1024 societas
866 967 952 1026 etiam
970 979 1090 1026 morton

91 1038 187 1112 sccii,
229 1039 311 1114 qnia,
351 1038 398 1114 qui
437 1039 600 1098 societatem
631 1038 787 1110 contrahit,
824 1049 930 1104 certam
962 1060 1061 1116 perso-

91 1129 161 1169 nam
181 1112 234 1169 sibi
252 1112 345 1186 elegit.
381 1111 431 1170 sed
451 1122 497 1180 et,
514 1113 538 1168 si
555 1125 692 1173 consensu
711 1112 831 1190 plurium
851 1115 970 1176 societas
988 1118 1061 1173 coita

90 1186 153 1258 sit,
181 1195 272 1244 morte
300 1185 382 1242 unius
406 1185 536 1258 solvitur,
568 1185 620 1244 etsi
645 1186 739 1261 plures
767 1187 926 1262 supersint,
952 1189 1004 1245 nisi
1032 1191 1075 1245 iuv

91 1259 224 1316 coeunda
251 1259 384 1316 societate
410 1259 491 1316 aliter
516 1259 684 1316 convenerit.
735 1259 805 1316 Item
831 1261 855 1318 si
879 1261 994 1320 alicuius
1020 1266 1089 1328 reio

91 1341 240 1409 contracta
258 1334 378 1390 societas
397 1333 449 1402 sit,
469 1342 499 1391 et
514 1331 578 1390 finis
593 1333 707 1408 negotio
722 1333 868 1408 impositus
883 1345 946 1403 est,
966 1335 1061 1392 linitur

92 1407 225 1465 societas:
260 1406 452 1464 Publicatione
472 1424 584 1494 quoque
606 1405 722 1464 distrahi
741 1407 919 1481 societatem,
939 1410 1089 1472 manile-r

92 1490 171 1537 stum
188 1490 256 1553 est,
277 1481 382 1538 scilicet
400 1481 423 1536 si
442 1498 570 1542 universa
590 1481 665 1538 bona
681 1481 749 1538 socii
769 1481 963 1556 publicentur:
984 1501 1060 1554 nam,

93 1573 161 1612 cum
186 1554 215 1610 in
242 1553 303 1611 eius
325 1554 416 1612 locum
444 1554 513 1610 alius
539 1554 687 1627 succedat,
720 1573 773 1629 pro
798 1564 911 1612 mortuo
934 1555 1061 1614 habetur.

93 1628 167 1685 Item
188 1629 213 1684 si
233 1629 295 1703 quis
318 1646 355 1684 ex
380 1628 461 1686 sociis
481 1627 555 1684 mole
582 1627 668 1684 debiti
687 1638 886 1703 praegravatus
906 1630 986 1686 bonis
1006 1633 1091 1693 scrire

93 1701 227 1775 cesserit,
246 1712 276 1757 et
294 1701 377 1774 iden,
399 1711 516 1776 propter
535 1701 647 1776 publica
667 1710 716 1756 aut
730 1701 839 1777 privata
861 1702 973 1776 debita,
994 1707 1062 1760 suli-

93 1775 201 1832 stantia
227 1775 287 1837 eius
313 1785 433 1847 veneat,
470 1775 585 1832 solvitur
608 1774 737 1832 societas.
775 1775 842 1844 sed,
867 1776 922 1834 lroc
946 1796 1011 1834 casu
1038 1781 1062 1833 si

91 1849 191 1906 adhuc
209 1849 384 1906 consentiant
403 1850 431 1904 in
451 1849 629 1921 societatem,
651 1866 724 1904 nova
744 1847 852 1906 ridetur
870 1849 994 1925 incipere
1013 1871 1061 1911 so-

92 1923 194 1980 cietas.
232 1920 332 1979 Socios
352 1923 428 1980 socio
449 1932 540 1978 utrum
559 1939 595 1980 eo
614 1922 727 1979 nomine
741 1931 849 1980 tantum
865 1932 994 1980 teneatur
1010 1939 1091 2000 pros

92 1997 174 2053 socio
194 1996 319 2068 actione,
342 1997 365 2052 si
384 1995 451 2072 quid
466 1995 532 2054 dolo
547 1995 728 2070 commiserit,
749 1996 820 2053 sicut
836 1996 876 2069 is,
908 1999 941 2053 ui
956 1998 1060 2072 deponi

93 2069 175 2145 apud
194 2087 226 2126 se
243 2087 343 2157 passus
362 2081 424 2144 est,
444 2088 480 2128 an
500 2071 585 2127 etiam
602 2068 718 2144 culpae,
736 2068 765 2125 id
780 2078 823 2128 est
837 2014 962 2128 desidiae
976 2083 1061 2146 atque

93 2143 288 2218 negligentiae
299 2145 427 2218 nomine,
442 2144 598 2221 quaesitum
611 2153 669 2203 cst:
686 2143 844 2219 praevaluit
859 2153 962 2214 tamem
976 2148 1061 2202 etiam

92 2217 198 2293 culpae
223 2217 337 2275 nomine
363 2219 451 2276 teneri
480 2235 553 2274 enm.
590 2217 673 2292 culpa
693 2227 788 2274 autem
805 2235 863 2274 non
884 2219 919 2277 ad
940 2221 1062 2276 exactis-

94 2292 203 2368 simam
217 2291 390 2366 diligentiam
409 2290 556 2367 dirigenda
575 2301 635 2348 csta
660 2289 762 2348 sufficit
780 2291 872 2361 enim,
895 2293 977 2350 talem
998 2294 1062 2348 dili-

94 2366 222 2439 gentiam
237 2365 265 2422 in
282 2367 473 2422 communibus
487 2364 724 2443 rebuspdlribere
735 2365 857 2438 rodum,
877 2368 987 2442 qualem
1006 2369 1062 2422 siris

94 2439 183 2496 rebus
204 2437 339 2496 adhibere
359 2439 438 2497 solet.
475 2456 560 2507 nam,
583 2438 631 2514 qui
654 2455 756 2514 parum
775 2438 938 2514 diligentem
956 2441 1062 2498 socium

93 2512 151 2568 sibi
170 2513 319 2590 assumpsit
328 2514 371 2588 a),
392 2514 428 2570 de
448 2531 487 2570 sc·
497 2511 577 2589 queri
585 2508 614 2586 l)
636 2510 768 2589 deber).

154 2707 157 2716 r
211 2668 426 2722 -rrrunus
451 2668 726 2722 vrcnnsnuus
753 2641 945 2722 saxrus'
1019 2691 1021 2695 -

355 2735 588 2801 (vrcunsruus
606 2733 808 2802 suarinas).

193 2834 354 2916 uun
459 2830 971 2899 mannire

157 2962 185 3032 ²)
192 2957 356 3015 Mandatum
376 2959 555 3017 contrahitur·
567 2957 692 3034 quinque
710 2955 822 3029 modis,
845 2956 901 3013 sive
920 2973 971 3011 sua
990 2966 1106 3016 tan-Pr.

96 3043 160 3089 tum
176 3032 267 3108 gratia
286 3032 385 3109 aliquis
405 3034 457 3090 tibi
474 3031 607 3103 nudet,
625 3032 683 3088 aive
698 3048 750 3088 sua
769 3041 798 3088 et
813 3040 878 3105 tua,
894 3030 955 3086 sire
973 3030 1063 3086 aliena

96 3115 225 3180 tantum,
252 3105 310 3162 sire
335 3125 386 3163 sua
406 3118 435 3164 et
452 3107 560 3178 aliena,
587 3105 645 3162 sive
664 3115 712 3162 tua
734 3105 883 3162 orateur.
920 3113 950 3160 at
973 3105 995 3160 si
1014 3114 1063 3160 tua

96 3189 209 3236 tantum
226 3180 316 3255 matis
335 3181 392 3236 tibi
404 3180 569 3238 mandatum
587 3179 643 3251 sit,
665 3196 869 3256 sapervacuum
885 3187 927 3235 est
943 3178 1074 3235 manda-⁴

97 3263 177 3322 tom,
203 3263 239 3310 et
251 3254 288 3309 ob
310 3252 338 3310 id
356 3254 432 3311 nulla
451 3272 487 3312 ex
509 3255 581 3324 ιω)
602 3251 753 3327 obligatio,
773 3270 829 3310 neo
846 3250 971 3309 mandati
990 3251 1064 3307 inter

96 3359 322 3382 uuus—-r—-n—q-

150 3413 182 3466 ὀ)
196 3413 292 3467 condia.
307 3434 336 3446 -
363 3409 542 3464 oconcedetnr.
564 3432 592 3444 —
621 3375 644 3465 a)
658 3411 761 3456 maranti.
779 3375 810 3442 ¹-
837 3375 863 3464 ¹¹l
877 3421 899 3464 q.
914 3411 957 3452 roc
971 3411 1006 3454 est
1019 3410 1064 3452 stat

97 3469 249 3576 mmet.
263 3533 296 3568 cc
310 3533 345 3568 co.

129 3647 155 3700 ὃ)
172 3646 198 3693 G.
213 3649 237 3690 lt.
250 3649 269 3693 t.
285 3648 308 3692 d.
322 3669 350 3680 -
379 3646 403 3699 7)
416 3647 446 3691 n.
461 3611 516 3692 iti.
527 3607 568 3692 62.Ι
630 3643 713 3702 liciti.
720 3646 762 3699 111,
773 3643 909 3689 tao...tat.
926 3645 993 3688 Paul.
1002 3648 1063 3688 serit.

99 3701 127 3756 s.
144 3701 166 3747 s.
186 3704 203 3747 r.
220 3703 283 3760 aa.;¹
294 3701 369 3748 tamn.
389 3702 527 3762 cimorra,
544 3701 566 3747 a.
600 3701 677 3758 nro.
698 3701 729 3744 n.
743 3699 935 3754 normanni,
950 3704 970 3743 ι.
992 3701 1018 3743 o.
1034 3700 1064 3741 uo

99 3759 270 3814 itast&
502 3791 505 3796 ι
545 3791 549 3796 .
600 3755 866 3815 mandamina-
895 3757 1064 3808 mndata,
