2566 4344
88 418 92 426 ,
138 353 288 426 inermum
322 349 944 433 Drunn.,nu.rrxnnu.n.1V,t.§.itt
993 353 1060 420 161

90 499 196 558 cienda
223 498 387 555 vestimenta
413 498 543 556 mercede
570 508 646 556 certa
673 503 829 577 acceperit,
863 519 954 578 eaque
980 501 1059 564 surto

86 573 238 644 amiserit,
265 574 274 627 i
296 590 326 628 se
351 571 419 627 furti
440 571 527 628 habet
552 573 710 646 actionem,
737 594 794 632 non
813 576 963 646 dominus,
990 579 1059 665 quia

90 645 202 704 domini
220 591 294 702 nihii2
306 646 438 716 interest,
456 664 520 702 eam
540 663 598 702 rem
618 665 673 702 nun
692 649 797 722 perisse
809 644 853 724 r),
872 668 933 704 cum
954 649 1057 708 iudicio

92 720 180 776 iocati
203 737 219 776 a
242 718 348 775 sulione
369 729 418 775 aut
437 720 608 778 sarcinatore
628 738 686 776 rem
706 741 785 779 suam
805 723 935 798 persequi
955 733 1057 798 potest.

90 793 156 850 Sed
189 803 218 848 et
245 794 337 849 bonae
360 791 428 849 fidei
451 793 572 880 emptori
599 794 732 868 subrepta
757 815 805 868 re,
837 814 921 870 quam
947 799 1058 867 emerit,

90 867 222 942 quamvis
247 864 377 922 dominus
403 884 462 923 non
481 877 531 938 srt,
552 868 714 924 omnimodo
733 871 868 943 competit
888 868 954 925 furti
973 871 1056 943 actio,

91 939 333 1015 quemadmodum
353 948 383 996 et
401 939 541 997 creditori.
569 939 666 996 fulloni
685 959 750 998 reru
768 953 797 999 et
815 943 978 999 sarcinatori
999 962 1054 1000 non

93 1015 178 1070 aliter
195 1012 262 1070 furti
280 1022 441 1089 competere
464 1012 584 1089 placuit,
610 1031 693 1088 quam
713 1014 736 1070 si
754 1015 887 1072 solvendo
905 1017 976 1085 sint,
1001 1017 1056 1074 hoc

91 1097 139 1143 est
165 1087 187 1142 si
214 1087 328 1143 domino
354 1086 396 1142 rei
421 1087 642 1143 aestimationem
666 1086 776 1148 solvere
796 1089 919 1164 possint:
945 1091 1054 1146 namsi

93 1159 229 1217 solvendo
251 1178 305 1218 non
325 1169 411 1230 sunt,
429 1169 513 1229 tunc,
533 1160 598 1235 quia
619 1163 655 1216 ab
676 1161 717 1216 eis
736 1181 817 1218 suum
838 1162 965 1218 dominus
985 1181 1057 1219 cun-

94 1233 176 1310 sequi
189 1251 246 1290 nnn
263 1233 357 1308 possit,
375 1233 427 1308 ipsi
443 1233 557 1290 domino
575 1234 642 1290 furti
659 1234 732 1290 actio
751 1236 894 1310 competit,
914 1236 979 1310 quio
1000 1236 1056 1292 huc

93 1325 163 1363 casu
183 1307 268 1382 ipsius
287 1307 418 1375 interest,
443 1325 502 1364 rem
521 1307 625 1364 sairam
646 1325 717 1366 esse.
754 1309 829 1365 idem
849 1319 891 1364 est
910 1318 955 1382 et,
981 1309 1004 1364 ei
1024 1311 1052 1365 in

91 1389 205 1510 partem
233 1380 366 1438 solvendo
394 1381 448 1438 sint
473 1379 542 1438 fullo
565 1390 615 1437 aut
639 1381 801 1440 sarcinator.
848 1381 931 1449 Quae
949 1382 986 1438 de
1006 1387 1103 1444 (18)ss

110 1454 201 1510 uiiune
220 1463 249 1510 et
266 1453 436 1512 sarcinature
451 1453 586 1525 diximus,
605 1454 706 1512 eadem
725 1465 755 1511 et
770 1455 807 1512 ad
821 1474 900 1527 eum,
919 1456 963 1512 cui
978 1473 1056 1512 corn-

92 1527 211 1584 mndata
228 1545 274 1584 res
292 1537 350 1599 est,
370 1526 566 1584 transferenda
585 1538 694 1584 veteres
710 1529 921 1588 existimabant:
943 1547 1007 1586 nam
1025 1536 1056 1583 ut

93 1601 142 1658 ille
167 1601 236 1656 fullo
264 1601 421 1658 mercedem
444 1600 607 1675 accipiendo
630 1602 784 1658 custodiam
802 1612 947 1679 praestat,
973 1603 1013 1658 ita
1033 1601 1057 1655 is

93 1693 224 1750 quoque,
242 1675 289 1749 qni
308 1675 483 1731 commodum
500 1674 595 1730 utendi
605 1675 631 1742 t)
650 1677 784 1750 percipit,
805 1676 929 1732 similiter
942 1691 1057 1732 necesse

93 1749 183 1804 lrabet
209 1747 363 1804 custodiam
387 1757 540 1823 praestare.
579 1746 638 1803 Sed
660 1757 753 1804 noema
773 1749 947 1822 providentia
970 1748 1056 1806 etiam

92 1823 151 1878 hoc
169 1822 197 1876 in
216 1820 403 1878 decisionibus
423 1821 523 1877 nostris
539 1819 718 1893 emendarit,
739 1831 770 1878 ut
787 1823 813 1878 in
834 1822 939 1878 domini
953 1822 989 1878 sit
1005 1838 1056 1876 ro·

92 1895 226 1966 luntate,
253 1893 310 1951 sire
327 1894 496 1950 commodati
516 1893 653 1950 actionem
673 1895 805 1950 adversus
824 1913 906 1965 eum,
927 1894 975 1970 qui
995 1912 1056 1950 rem

93 1967 303 2026 commodatam
324 1968 450 2043 accepit,
476 1984 589 2023 morere
609 1967 769 2040 desiderat,
790 1969 848 2024 sive
867 1967 933 2023 furti
953 1966 1058 2023 adver·

92 2061 143 2099 sus
169 2060 249 2114 eum,
277 2041 324 2117 qui
351 2059 410 2098 rem
439 2041 595 2116 subripuit,
624 2050 653 2097 et
678 2041 810 2098 alterutra
832 2059 927 2098 earum
955 2039 1054 2112 eiecta,

91 2115 239 2172 dominum
270 2133 328 2171 non
359 2133 442 2190 posse
474 2131 509 2172 ex
561 2114 714 2170 oenitentia
741 2114 778 2171 ad
813 2115 928 2171 aiteram
959 2113 1055 2169 venire

94 2189 245 2246 actionem.
281 2187 331 2246 sed
359 2189 382 2244 si
408 2187 519 2264 quidem
538 2132 629 2244 iurem
649 2188 784 2260 elegerit,
812 2188 905 2260 ilium,
930 2187 1054 2262 quirem

95 2262 230 2318 utendam
250 2261 374 2337 accepit,
400 2263 511 2336 penitus
529 2261 649 2317 liberari.
686 2261 842 2318 sinautem
862 2259 1056 2318 commodatur

94 2336 189 2392 veniat
210 2335 343 2392 adversus
363 2353 444 2407 eum,
471 2334 596 2410 quirem
616 2334 748 2392 utendam
767 2336 892 2410 accepit:
920 2335 973 2409 ipsi
1011 2334 1055 2390 ui·
1085 2377 1093 2392 ..

93 2409 163 2466 dem
194 2409 268 2466 nuilo
302 2409 387 2466 modo
421 2417 581 2484 competere
607 2425 691 2484 posse
717 2407 849 2466 adversus
872 2407 963 2465 furem
990 2352 1056 2464 Parti

94 2483 256 2554 actionem,
277 2500 341 2539 eum
362 2491 472 2554 autem,
498 2481 545 2557 qui
562 2500 613 2557 pro
634 2500 665 2539 re
683 2482 862 2541 commodata
882 2483 1054 2552 convenitur,

93 2575 179 2632 posse
199 2555 331 2613 adversus
347 2555 437 2612 furem
455 2555 521 2611 surti
540 2555 645 2612 habere
662 2557 811 2613 actionem.
844 2558 884 2612 ita
902 2565 1013 2624 tamen,
1032 2555 1056 2610 si

95 2631 226 2686 dominus
244 2629 349 2703 sciens,
370 2647 429 2687 rern
449 2627 543 2703 esse¹)
565 2630 745 2706 subreptam,
763 2630 896 2687 adversus
910 2647 974 2686 eum
981 2669 991 2697 ‚
1010 2627 1054 2684 oui

95 2721 142 2760 res
160 2701 336 2761 commodata
356 2703 423 2776 snit,
443 2703 586 2778 perrenit3
606 2704 647 2758 sin
667 2713 760 2759 autem
779 2703 904 2772 nescius,
923 2711 952 2758 et
970 2702 1056 2756 dubi-

94 2786 175 2849 tans,
202 2795 260 2834 rem
280 2795 338 2833 non
358 2777 453 2851 esset)
474 2775 549 2850 apud
566 2793 646 2846 eum,
667 2775 834 2832 commodati
852 2775 989 2831 actionem
1009 2775 1055 2828 in·

94 2849 207 2922 stituit,
232 2860 331 2926 postea
356 2861 465 2922 autem,
492 2867 522 2906 re
543 2867 603 2904 com
626 2857 701 2920 erta,
727 2849 812 2904 voluit
830 2847 971 2905 remittere
990 2847 1055 2921 qui-

92 2924 161 2980 dem
180 2924 349 2981 commodati
369 2925 523 2996 actionem,
544 2920 580 2977 ad
599 2867 666 2978 finti
684 2929 778 2978 autern
798 2919 966 2996 pervenire,
988 2929 1055 2974 tuno

94 2997 207 3054 licentia
225 2997 251 3054 ei
268 2997 453 3071 concedatur,
473 3005 502 3054 et
520 2995 652 3052 adversus
670 2993 763 3051 furem
777 2994 889 3067 venire,
907 2993 982 3050 nulio
1001 2993 1055 3050 ub·

94 3072 203 3128 stacuio
223 3071 249 3127 ei
271 3071 460 3147 opponendo,
487 3069 618 3145 quoniam
644 3069 765 3125 incertus
785 3068 949 3126 constitutus
970 3067 1055 3124 morit

93 3144 229 3202 adversus
246 3162 328 3214 eum,
348 3146 395 3220 qui
414 3162 472 3201 rem
494 3142 625 3200 utendam
640 3143 764 3218 accepit,
783 3141 952 3200 commodati
966 3141 1057 3199 actio-

93 3236 161 3274 nem
181 3217 247 3288 (nisi
266 3217 378 3275 domino
397 3219 433 3275 ab
452 3236 487 3274 eo
505 3216 674 3273 satisfactum
688 3225 746 3276 est:
766 3225 833 3274 tunc
845 3215 947 3274 etenim
963 3215 1056 3272 omni-

94 3291 181 3349 modo
200 3292 291 3348 furem
311 3309 328 3348 a
347 3291 461 3348 domino
483 3290 595 3367 quidem
615 3289 681 3345 furti
702 3291 812 3348 actione
831 3290 942 3347 liberari
986 3305 1058 3362 sup-

94 3365 217 3440 positum
238 3373 332 3422 autem
352 3383 413 3422 csse
432 3365 476 3433 ei,
495 3363 542 3440 qui
561 3381 613 3439 pro
633 3381 664 3418 re
682 3363 735 3419 sibi
750 3363 927 3420 commodata
941 3324 1057 3416 dominu

94 3435 259 3514 satisfecit),
275 3457 337 3494 cum
346 3438 598 3496 manifestissimum
608 3444 660 3507 est,
675 3437 782 3494 etiamsi
792 3438 829 3494 ab
838 3435 915 3492 initio
926 3432 1056 3489 dominus

93 3513 234 3569 actionem
249 3512 366 3568 instituit
381 3511 566 3579 commodati,
585 3510 714 3582 ignarus,
733 3527 792 3566 rem
807 3528 868 3566 esse
882 3508 1055 3581 subreptam,

94 3596 194 3660 postea
209 3595 313 3658 autern,
328 3585 383 3644 hoc
395 3587 422 3643 ei
435 3585 555 3660 cognito,
570 3583 703 3639 adversus
713 3582 803 3641 furem
816 3581 948 3652 transivit,
962 3580 1058 3637 omni-

151 3747 175 3796 p)
190 3745 278 3796 nestro.
293 3764 322 3777 -
350 3745 373 3797 u)
388 3743 555 3788 cummanum
567 3743 645 3787 umus
659 3751 742 3795 curun,
757 3739 923 3784 commodatum
936 3739 1054 3796 uterum,

91 3803 118 3844 ot
133 3799 230 3844 similia.
246 3821 274 3834 -
302 3805 323 3852 r)
338 3809 386 3844 non
400 3811 419 3844 r.
434 3819 463 3836 ·-
491 3804 512 3853 s)
527 3797 573 3844 det.
588 3808 646 3857 nnn,¹
662 3809 683 3842 r.
698 3807 721 3845 rr.
736 3808 755 3842 c.
770 3797 908 3850 surrentum
