2548 4342
212 269 276 332 aab
317 267 468 326 lnsrrrnr.
494 266 541 324 Dn
556 285 684 327 eornm.
697 283 883 326 conuersos.
900 267 956 338 lll,
970 273 1000 326 o.
1018 266 1050 349 ξ.
1063 273 1114 324 7-
1127 273 1165 324 lo

213 435 299 492 supra
326 417 440 471 tritavus
467 415 593 488 tritavia3
618 413 690 472 infra
712 415 835 489 trinepos
855 415 999 490 trineptis;
1028 433 1065 472 ex
1086 425 1180 471 trans-

215 509 294 546 verso
320 489 414 546 fratris
433 490 593 562 sororisque
613 491 739 562 abnepos
759 489 906 562 abneptis,
933 499 962 544 et
980 490 1183 546 convenienter

213 567 368 640 abpatruus
387 563 510 620 abamita
531 562 573 626 (id
593 571 635 618 est
654 563 736 618 abari
755 562 843 618 frater
861 572 889 618 et
912 562 1022 636 soror),
1051 565 1181 618 abavun-

213 641 290 696 culus
311 640 500 694 abmatertera
519 635 560 705 (id
580 646 622 692 est
642 637 759 692 abaviae
778 635 867 691 frater
886 645 914 692 et
934 655 1014 692 soror
1024 637 1089 709 Ὀ),
1112 639 1183 694 item

212 713 318 769 sobrini
329 708 356 786 ⁵)
385 711 573 785 sobrinaeque
598 707 640 838 qid
669 720 710 766 est
730 710 777 784 qui
796 727 903 784 quaeve
924 727 959 767 ex
979 709 1115 766 fratribus
1138 712 1184 767 vel

212 787 355 844 sororibus
381 784 554 858 patruelibus
574 801 607 839 ve
642 785 813 840 consobrinis
834 784 876 839 rel
895 784 1016 840 amitinis
1036 803 1185 860 progene-

181 863 333 931 trantur).
372 859 514 915 Hactenus
534 857 688 914 ostendisse
702 856 834 930 sufficiet,
856 857 1096 932 quemadmodum
1114 877 1184 934 gra-

211 936 265 990 dus
291 932 464 1006 cognationis
491 941 682 989 numerentur.
720 949 841 1006 namque
873 949 909 987 ex
945 932 988 988 lris
1013 934 1110 1006 palam
1139 945 1184 989 est

212 1007 392 1074 intellevere,
419 1005 655 1082 quemadmodum
682 1003 794 1061 ulterius
820 1024 932 1081 quoque
951 1007 1057 1080 gradus
1078 1026 1186 1063 nume-

212 1100 276 1138 rare
302 1051 455 1138 debemus:
483 1081 589 1156 quippe
615 1097 727 1154 semper
746 1089 881 1166 generata
900 1099 1032 1210 quaeque
1055 1099 1184 1156 persona

212 1155 329 1230 gradum
358 1153 486 1225 adiiciat,
516 1166 546 1210 ut
574 1155 658 1228 longe
683 1153 791 1210 facilius
817 1155 852 1210 sit
875 1173 977 1229 respon
1001 1173 1066 1227 ere,
1092 1165 1186 1230 quoto

212 1230 329 1306 quisque
352 1227 440 1303 gradu
469 1229 519 1299 sit,
548 1246 631 1304 quam
659 1228 775 1303 propria
794 1229 968 1301 cognationis
987 1229 1184 1304 appellatione

181 1319 380 1380 squemquam
400 1302 537 1358 denotare
549 1306 587 1375 ⁶).
633 1301 798 1376 Agnetiouis
817 1320 929 1378 quoque
949 1304 1054 1378 gradus
1076 1305 1181 1360 eodem

182 1377 295 1439 amodo
324 1387 515 1434 numerantur.
565 1375 623 1432 Sed
652 1395 714 1432 cum
742 1376 831 1450 magis
857 1378 958 1434 veritas
984 1377 1099 1434 oculata
1127 1378 1184 1434 fide

210 1470 294 1528 quam
323 1469 376 1527 per
405 1467 487 1506 aures
508 1448 606 1505 animis
625 1449 769 1506 hominum
789 1447 966 1527 infigitur⁷),
992 1453 1060 1508 ideo
1081 1471 1181 1510 neces-

209 1526 313 1582 sarium
343 1524 492 1590 duximus,
519 1533 584 1595 post
609 1525 798 1580 narrationem
825 1524 981 1598 graduum,
1014 1527 1104 1582 etiam
1135 1545 1184 1583 eos

209 1599 351 1687 praesenti
378 1598 448 1652 libro
471 1597 598 1669 inscribi,
627 1608 765 1673 quatenus
788 1599 894 1671 possint
913 1609 940 1654 et
961 1601 1079 1656 auribus
1100 1613 1182 1658 etex

210 1671 384 1745 inspectione
404 1671 597 1728 adolescentes
615 1672 845 1741 perfectissimam
867 1673 1005 1745 graduum
1021 1675 1183 1732 doctrinam

211 1745 327 1819 adipisci
339 1742 375 1818 ⁸).
394 1741 526 1812 (Schema
541 1744 745 1820 genealogicum
764 1768 791 1817 o,
810 1739 934 1824 pisti.)

168 1836 201 1882 ru
211 1831 275 1883 (Ἠ.
286 1831 335 1882 Pr.)
358 1819 460 1950 {plllud
485 1832 590 1876 certum
617 1829 674 1890 est,
703 1823 739 1874 ad
764 1825 877 1876 serviles
901 1821 1086 1894 cognationes
1106 1822 1182 1878 illam

210 1904 319 1969 partem
341 1910 357 1950 e
378 1894 441 1966 icti,
467 1911 523 1969 qua
541 1893 730 1968 proximitatis
749 1894 862 1950 nomine
882 1895 1019 1950 bonorum
1040 1898 1182 1965 possessio

210 1969 396 2044 promittitur,
416 1987 471 2024 non
493 1969 652 2041 pertinere:
680 1985 746 2022 nam
766 1985 818 2024 nec
838 1969 893 2024 ulla
915 1969 1031 2044 antiqua
1054 1979 1121 2044 tege
1139 1983 1182 2025 ta-

209 2045 243 2100 lis
276 2043 407 2117 cognatio
443 2043 708 2116 computabatur⁹).
762 2040 822 2098 Sed
847 2053 944 2099 nostra
970 2045 1184 2108 constitutione,

210 2136 295 2193 quam
314 2135 366 2190 pro
387 2116 448 2171 iure
469 2126 632 2190 potronatus
649 2114 767 2172 fecimus
787 2116 879 2191 (quod
899 2118 941 2174 ius
962 2133 1051 2192 usque
1071 2119 1108 2174 ad
1128 2138 1181 2174 no-

210 2201 254 2248 tra
276 2201 403 2263 tempora
423 2191 489 2244 sotis
510 2191 658 2246 obscurum
680 2200 764 2267 atque
784 2191 859 2247 nube
879 2191 992 2264 plenum
1009 2203 1038 2248 et
1054 2192 1183 2268 undique

210 2263 356 2322 confusum
376 2260 500 2336 fuerat),
523 2275 551 2321 et
574 2265 643 2336 hoc,
664 2261 837 2320 humanitate
856 2276 1042 2340 suggerente,
1061 2287 1183 2324 conces-

210 2339 311 2408 simus,
339 2346 389 2408 ιιι,
418 2338 440 2392 si
459 2339 520 2412 quis
540 2339 568 2394 in
589 2337 680 2396 servili
699 2339 838 2394 consortio
858 2341 1040 2411 constitutus,
1060 2341 1182 2398 liberum

210 2412 253 2466 vel
273 2411 376 2466 liberos
396 2409 542 2483 babuerit,
560 2413 618 2468 sive
639 2430 675 2468 ex
696 2413 801 2483 libera,
823 2413 880 2470 sive
899 2433 935 2471 ex
954 2415 1060 2471 servilis
1080 2417 1183 2472 condi-

210 2485 297 2540 cionis
316 2483 452 2556 muliere,
474 2486 516 2542 vel
537 2497 633 2542 contra
653 2504 733 2542 serva
754 2485 852 2543 mulier
872 2506 908 2544 ex
928 2488 1016 2544 libero
1038 2490 1083 2546 vel
1098 2509 1183 2548 servo

210 2559 341 2615 habuerit
370 2557 470 2613 liberos
497 2561 694 2635 cuiuscumque
722 2579 827 2632 sexus,
856 2572 884 2618 et
903 2563 939 2618 ad
959 2563 1118 2620 libertatem
1138 2565 1184 2620 bis

210 2632 453 2707 pervenientibus,
473 2644 501 2690 et
517 2633 563 2702 bi,
584 2636 631 2712 qui
648 2653 684 2690 ex
699 2635 790 2690 servili
805 2645 900 2694 ventre
916 2637 975 2694 nati
989 2646 1071 2710 sunt,
1093 2639 1184 2696 liber-

209 2716 295 2764 tatem
316 2717 500 2778 meruerunt,
521 2709 581 2778 vel,
603 2709 669 2765 dom
690 2709 821 2764 mulieres
839 2710 944 2767 liberae
961 2724 1059 2784 erant,
1080 2713 1135 2786 ipsi
1152 2714 1181 2769 in

208 2783 369 2838 servitutem
393 2799 441 2838 eos
468 2781 645 2851 habuerunt,
670 2795 699 2838 er
718 2792 817 2857 postea
836 2785 873 2842 ad
893 2786 1051 2842 libertatem
1075 2804 1183 2860 perve-

208 2867 332 2927 nerunt,
362 2866 392 2912 ut
409 2855 438 2910 hi
459 2874 556 2913 omnes
576 2857 611 2912 ad
630 2858 832 2914 successionem
853 2859 895 2915 vel
913 2860 1000 2933 patris
1019 2859 1063 2916 vel
1083 2863 1184 2916 matris

210 2931 339 3000 veniant,
361 2939 527 3002 patronatus
548 2933 607 2986 iare
626 2931 655 2986 in
676 2931 729 2986 bac
748 2941 828 3004 parte
848 2935 955 3007 sopito:
977 2933 1029 2990 lios
1049 2936 1122 2990 enim
1144 2935 1181 2990 li-

208 3004 292 3061 beros
319 3022 376 3060 non
402 3004 490 3059 solum
516 3005 543 3059 in
567 3024 680 3062 suorum
707 3016 855 3078 parentum
879 3009 1083 3065 successionem
1092 3049 1102 3077 ,
1125 3010 1180 3064 sed

208 3079 294 3134 etiam
324 3076 442 3133 alterum
462 3077 489 3132 in
511 3078 622 3135 alterius
642 3089 767 3136 mutuam
786 3083 989 3139 successionem
1010 3084 1182 3154 vocavimus,

206 3203 431 3218 Ἣ

266 3273 292 3326 lt)
305 3269 325 3327 f.
338 3267 366 3314 et
374 3282 394 3316 a.
408 3272 461 3314 item
474 3272 539 3328 fitius
551 3273 647 3330 filioque
660 3275 786 3326 propatrui
798 3277 973 3330 proorutueque
985 3277 1141 3330 proavunculi·
1155 3281 1181 3320 et

206 3331 408 3387 monaterterue,
434 3329 487 3371 item
510 3329 574 3385 fitius
591 3331 642 3386 filiu
660 3333 783 3383 propioris
800 3333 891 3376 sobrini
908 3334 1062 3388 sowaueque
1080 3337 1122 3378 rel
1140 3335 1179 3377 si·

207 3386 282 3434 milia
298 3409 326 3418 -
355 3387 373 3438 l)
386 3387 470 3429 Novus
485 3384 573 3430 titulus
587 3389 617 3429 de
631 3387 712 3430 serutlt
725 3389 868 3441 coarctare.

233 3530 398 3582 miroslao.
413 3539 481 3570 v.-
505 3527 530 3577 6)
544 3527 573 3570 lt.
589 3528 611 3568 b.
628 3527 674 3572 rs.
709 3531 737 3572 N.
753 3529 847 3576 XXXV,
870 3528 891 3570 2.
922 3530 1014 3572 Seneca
1036 3527 1111 3572 benef.
1132 3529 1176 3582 111,

204 3587 229 3642 S.
248 3591 268 3632 l.
289 3588 305 3632 l.
323 3586 359 3630 tlt.
381 3585 406 3640 S.
423 3585 482 3628 ’1.9.
499 3605 527 3616 —-
557 3583 673 3634 llPlttut.
710 3586 747 3628 28.
769 3609 797 3617 -
826 3585 850 3636 9)
865 3584 1034 3641 Uiriatum,
1054 3587 1077 3628 8.
1106 3586 1133 3627 l).
1151 3587 1177 3627 ir.

205 3644 300 3688 Trucul.
312 3643 382 3700 Π,,6,
399 3643 421 3686 8.
444 3641 527 3684 norat.
542 3645 596 3684 orte
612 3645 673 3692 niret.
709 3643 724 3684 l.
740 3643 776 3686 ro.
792 3643 867 3697 §.oq
884 3642 946 3684 uude
961 3651 1028 3694 cogn.
1044 3643 1174 3696 xxxviii,

205 3701 259 3746 180.
280 3712 383 3755 sqq„-
425 3697 674 3748 mormannum.
709 3699 730 3741 S.
752 3701 767 3741 1,
787 3702 805 3742 t.
829 3697 892 3749 §.a
912 3697 981 3749 l.7.;
1004 3695 1176 3751 quirescere.

204 3759 304 3804 araoert.
320 3755 423 3810 p.1055.
438 3753 538 3798 Relske.
567 3755 629 3797 Plio.
644 3756 674 3798 Η.
708 3755 816 3811 XXl'lll,
835 3757 855 3798 1.
872 3755 889 3799 1.
905 3753 942 3798 20.
959 3753 982 3808 S.
999 3755 1021 3800 l.
