2520 4328
220 288 263 353 70
302 289 454 346 Iusstrur.
477 282 525 341 Ds
542 300 672 341 rassin.
688 299 881 340 onntutums
895 280 938 352 II,
957 286 1006 338 10.
1027 280 1060 364 §-
1073 288 1203 343 7--II.

220 435 342 507 surdus,
363 451 455 508 neque
473 432 613 506 furiosus,
635 449 687 489 nec
706 431 750 488 oui
764 430 844 487 bonis
858 429 1036 486 interdictum
1051 439 1122 500 est,
1148 448 1206 486 nee
1244 425 1245 430 ’

220 510 261 581 is,
287 526 370 583 quem
397 507 473 581 leges
498 506 595 562 iubent
619 507 776 580 improbum
798 503 1040 578 intestabilemque
1059 520 1131 558 esse
1145 501 1205 577 ¹⁴),

193 592 337 658 tpossunt
362 581 391 636 in
418 599 534 637 numero
559 579 670 636 testium
698 575 889 652 adhiberi¹⁵).
925 576 982 634 Sed
1004 595 1067 632 curn
1094 576 1205 652 aliquis

221 675 257 711 ex
277 655 393 712 testibus
411 653 569 710 testamenti
588 653 700 728 quidem
720 650 841 708 faciendi
861 662 990 726 tempore
1005 650 1077 706 iiber
1095 651 1207 706 existi-

222 731 370 795 mabatur,
389 737 490 801 postea
508 745 574 783 uero
592 744 687 782 servus
705 725 858 801 apparuit,
887 734 943 780 tam
965 723 1045 778 dirus
1063 723 1206 780 Hadria·
1245 739 1246 792 o

221 822 273 859 nus
295 801 416 858 Catonio
435 801 527 872 Vero,
547 818 630 875 quam
649 811 746 874 postea
767 799 822 854 divi
842 799 963 854 Severus
983 807 1011 852 et
1031 798 1205 853 Antoninus
1245 803 1246 824 ³

222 876 305 932 resori
329 885 444 945 serunt,
467 873 603 931 sorboooire
620 891 649 930 so
668 889 703 929 eor
720 891 770 930 suo
788 870 945 929 iiberalitate
964 877 1151 940 testamento,
1173 877 1206 927 ut

220 953 260 1006 sio
277 893 421 1016 naisum,
441 955 518 1024 atquo
535 950 577 1016 si,
595 955 624 1004 ut
644 953 762 1023 oportet,
779 945 880 1016 [uotum
894 952 982 1017 esset,
1003 963 1060 1002 urm
1076 962 1111 1001 oo
1127 952 1204 1000 tem-
1246 938 1247 1008 i

221 1040 302 1096 pore,
319 1039 370 1098 quo
388 1027 573 1078 testamentum
590 1023 758 1095 signaretur,
777 1021 895 1075 oninium
914 1036 1042 1076 consensu
1056 1017 1104 1075 hio
1121 1022 1204 1076 testis
1246 1021 1247 1066 1

222 1095 362 1152 liberorum
383 1093 438 1151 looo
456 1095 553 1166 fremit,
573 1113 621 1151 noo
640 1097 778 1170 proquam
797 1099 881 1164 esset,
900 1095 945 1168 qui
962 1096 986 1150 oi
1002 1099 1094 1148 status
1111 1110 1203 1168 quoe-
1246 1109 1247 1158 j

193 1173 334 1226 astionem
353 1171 522 1242 movoot¹⁶).
566 1167 666 1240 Pater,
694 1185 746 1223 nec
771 1185 827 1222 non
854 1167 894 1234 is,
918 1167 965 1242 qui
992 1166 1020 1221 in
1048 1175 1200 1240 potestate
1246 1213 1247 1218 ,

223 1244 281 1300 eius
301 1253 364 1315 est,
386 1245 451 1298 item
473 1242 528 1297 duo
548 1240 664 1313 fratres,
687 1240 779 1316 quiin
799 1239 923 1296 eiusdem
944 1240 1029 1314 patris
1069 1250 1199 1296 otestate
1246 1277 1247 1282 κ

222 1327 308 1390 sunt,
337 1318 445 1391 utrique
458 1312 483 1402 ὓ)
511 1325 596 1371 testes
621 1316 649 1370 in
677 1332 760 1369 unum
782 1323 977 1369 testamentum
989 1316 1013 1385 ⁶)
1039 1257 1105 1369 tisri
1126 1332 1198 1387 pos-

225 1402 304 1449 sunt:
331 1392 397 1466 quia
420 1388 487 1444 niinl
513 1397 611 1457 nocet,
639 1406 674 1444 ex
694 1405 750 1443 uno
770 1388 854 1442 domo
877 1387 970 1462 plures
992 1397 1076 1443 testes
1099 1388 1195 1443 alieno

193 1466 338 1551 ansgotio
366 1460 557 1536 adhiberi¹⁷).
599 1462 632 1516 ln
657 1462 772 1518 testibus
801 1471 893 1517 autem
922 1480 977 1516 non
1004 1460 1092 1517 debet
1121 1479 1193 1531 esse,

223 1558 270 1612 qur
299 1539 327 1593 in
353 1546 493 1610 potestate
521 1536 660 1591 testatoris
688 1546 739 1590 est.
777 1531 863 1609 sedi)
887 1536 912 1602 si
937 1533 1135 1590 filiusfamilias
1159 1535 1194 1590 de

223 1613 356 1666 castrensi
384 1610 492 1684 peculio
520 1619 583 1683 post
604 1609 762 1675 missionem
782 1609 867 1665 saciat
888 1618 1110 1681 testamentum,
1141 1627 1193 1664 nec

223 1696 305 1759 pater
324 1685 383 1740 eius
403 1692 479 1740 recte
502 1683 578 1739 testis
598 1683 767 1753 adhibetur,
793 1701 846 1738 nee
866 1682 904 1754 is,
931 1683 977 1757 qui
998 1683 1025 1736 in
1047 1693 1192 1757 potestate

223 1757 348 1813 eiusdem
375 1757 462 1832 patris
488 1767 546 1814 est:
574 1757 754 1832 reprobatum
781 1768 823 1812 est
838 1756 910 1811 enirn
930 1755 957 1811 in
981 1773 1016 1810 ea
1037 1775 1069 1811 re
1089 1757 1191 1812 dorne-

183 1833 321 1888 tosticum
348 1831 535 1887 testimonium
549 1831 602 1904 ¹⁸).
646 1829 704 1886 Sed
725 1847 816 1905 neque
834 1829 916 1886 heres
935 1829 1074 1904 scriptus,
1097 1848 1191 1905 neque

223 1907 263 1977 is,
298 1905 345 1981 qui
380 1907 408 1960 in
444 1913 582 1979 potestate
615 1905 675 1960 eius
704 1910 768 1975 est,
804 1921 897 1978 neque
922 1911 1005 1979 pater
1031 1905 1110 1976 eius,
1144 1905 1190 1979 qui

222 1980 307 2036 habet
335 1997 398 2035 eum
425 1979 453 2033 in
482 1985 641 2053 potestate,
669 1994 761 2052 neque
787 1978 904 2046 fratres,
931 1976 980 2052 qui
1008 1977 1035 2032 in
1062 1978 1189 2034 eiusdem

222 2055 310 2126 patris
329 2062 469 2128 potestate
487 2059 567 2122 sunt,
595 2060 679 2107 testes
698 2051 825 2106 adhiberi
849 2061 982 2126 possunt:
1011 2051 1077 2126 quia
1099 2062 1188 2108 totum
1248 2091 1249 2094 η

222 2129 277 2182 hoo
290 2127 449 2200 negotium,
470 2125 545 2198 quod
562 2125 653 2198 agitur
666 2125 823 2181 testamenti
837 2124 985 2181 ordinandi
999 2126 1107 2200 gratia,
1127 2143 1189 2181 cre-

221 2201 296 2256 ditur
324 2199 409 2255 hodie
435 2198 508 2254 inter
530 2197 664 2254 lteredem
689 2209 717 2254 et
744 2209 904 2255 testatorem
931 2199 985 2274 agi.
1023 2199 1088 2255 Iieet
1114 2201 1188 2255 enim

221 2284 309 2329 totum
330 2273 372 2328 ius
391 2278 448 2328 taIe
463 2271 656 2327 conturbatum
670 2272 780 2344 suerat,
800 2283 828 2328 et
848 2282 955 2328 veteres
962 2311 976 2345 ,
997 2273 1044 2348 qui
1064 2272 1187 2328 familiae

221 2357 393 2421 emptorem,
415 2355 443 2400 et
461 2363 525 2415 eos,
544 2345 592 2420 qui
612 2364 664 2421 pet
682 2356 848 2420 potestatem
870 2347 897 2401 ei
916 2347 1067 2403 coadunati
1078 2350 1102 2416 e)
1124 2347 1187 2403 fue-

221 2430 302 2488 rant,
329 2418 543 2474 testamentariis
572 2419 767 2494 testimoniisf)
795 2421 987 2496 repellebant,
1017 2419 1133 2491 heredi,
1159 2429 1187 2476 et

221 2495 279 2564 his,
308 2493 354 2568 qui
375 2492 513 2549 coniuncti
537 2493 564 2548 ei
584 2511 635 2567 per
654 2503 820 2568 potestatem
841 2494 969 2567 fuerant,
995 2495 1187 2551 concedebant

167 2624 169 2628 ,
222 2567 379 2622 testimonia
398 2566 425 2622 in
444 2568 615 2622 testamentis
635 2578 798 2642 praestare,
817 2569 882 2624 licet
900 2567 947 2637 hi,
965 2568 1012 2644 qui
1027 2568 1055 2623 id
1070 2570 1186 2642 permit-

221 2642 334 2712 tebant,
354 2640 408 2695 Itos
427 2639 488 2695 iure
503 2640 616 2696 minime
630 2642 708 2697 abuti
722 2641 826 2698 debere
840 2659 889 2697 eos
902 2641 1074 2699 suadebant:
1094 2652 1184 2698 tamen

220 2733 287 2786 nos,
313 2714 433 2771 eandem
453 2715 675 2771 observationem
696 2715 881 2789 corrigentes,
907 2725 936 2771 et
944 2756 954 2784 ‚
979 2715 1055 2790 quod
1078 2717 1185 2772 abillis

221 2807 332 2844 suasum
354 2798 413 2856 est,
441 2789 469 2842 in
496 2788 566 2862 legis
585 2789 777 2845 necessitatem
796 2789 1010 2860 transferentes,
1038 2789 1076 2844 ad
1094 2791 1185 2846 imita-

221 2864 324 2918 tionem
351 2861 457 2938 pristini
484 2860 607 2918 familiae
628 2863 778 2937 emptoris,
806 2864 905 2918 merito
925 2881 977 2919 nee
994 2863 1111 2937 heredi,
1159 2865 1183 2918 ui

221 2937 372 3010 imaginem
399 2936 572 2992 vetustissimi
598 2936 720 2993 familiae
746 2935 878 3012 emptoris
899 2937 1022 3008 obtinet,
1050 2955 1103 2994 nee
1128 2883 1184 2993 aiiis

221 3009 364 3083 personis,
385 3026 458 3083 quae
479 3010 522 3081 eI‚
550 3019 579 3064 ut
598 3010 701 3066 dictum
724 3019 782 3079 est,
802 3010 966 3066 coniunctae
985 3019 1071 3084 sunt,
1099 3012 1183 3068 lieen-

222 3083 287 3137 tiam
309 3081 502 3153 concedimus,
528 3083 580 3138 sibi
607 3083 815 3158 quodammodo
840 3085 996 3140 testimonia
1022 3095 1181 3160 praestare3

221 3155 343 3241 ideoque
364 3172 416 3211 nee
433 3154 591 3210 huiusmodi
606 3166 727 3214 veterem
743 3157 968 3215 constitutionem
984 3167 1079 3214 nostro
1097 3160 1180 3216 codici

181 3232 208 3277 ¹1
224 3229 308 3285 insert
328 3227 504 3303 permisimus
517 3231 568 3302 ¹⁹).
612 3229 769 3305 Legatariis
794 3239 888 3286 autem
909 3241 937 3288 et
956 3230 1182 3290 fideicommissa·

276 3405 300 3456 tr)
316 3404 401 3456 unque.
416 3425 444 3435 -
465 3405 487 3455 c)
503 3413 549 3448 tmo
563 3406 706 3451 testamento.
721 3427 749 3439 -
772 3406 797 3459 d)
812 3407 856 3450 seo
867 3409 897 3451 et.
912 3427 941 3440 —
967 3409 989 3459 e)
1003 3407 1112 3463 normae,
1127 3419 1181 3454 coa·

220 3460 298 3504 timott.
314 3481 342 3491 -
371 3458 388 3512 t)
404 3470 419 3502 a
433 3461 449 3503 t.
463 3463 495 3518 t.,·
511 3459 557 3506 oet.
572 3463 660 3506 resina

249 3571 486 3625 u)o011.xv,1a
509 3595 537 3605 -
566 3574 605 3623 15)
618 3575 648 3618 It.
662 3575 686 3618 it.
720 3575 782 3618 121.
798 3585 833 3626 pt.
850 3597 878 3607 -
909 3576 947 3627 18)
962 3577 1108 3622 linteo.
1121 3587 1177 3630 pt...

218 3628 236 3672 1.
253 3629 290 3672 18.
305 3628 343 3672 2⁰.
359 3630 397 3672 22.
412 3629 437 3682 S.
450 3630 470 3672 1.
485 3630 501 3672 1.
517 3629 555 3674 26.
572 3630 610 3673 tt.
625 3654 652 3663 -
667 3633 686 3674 I.
720 3631 743 3685 S.
759 3633 782 3674 3.
802 3651 830 3662 -
852 3632 880 3675 I).
897 3633 975 3686 XXII,
995 3633 1017 3676 II.
1040 3633 1057 3676 1.
1071 3633 1094 3678 6.
1107 3633 1129 3679 9.
1144 3633 1178 3689 11,1

215 3685 241 3731 It.
258 3683 282 3741 s.
301 3687 320 3729 I.
335 3707 364 3716 -
394 3685 431 3736 to)
447 3684 473 3728 C.
489 3687 512 3728 It.
527 3687 543 3729 I.
559 3688 580 3729 1.
595 3707 624 3718 -
646 3687 685 3737 tt)
720 3709 748 3719 -
773 3687 809 3738 ro)
824 3688 853 3730 I).
869 3689 891 3732 It.
912 3689 928 3732 I.
944 3687 982 3733 to.
997 3699 1033 3741 pt.
1048 3711 1078 3722 -
1098 3690 1176 3742 Cion.

217 3747 245 3784 tt.
264 3745 295 3787 tte
311 3738 414 3785 tostinus
429 3741 640 3796 xxtt,⁵.1.17.;
663 3743 686 3784 It.
720 3742 810 3787 Milone
826 3743 861 3786 18.
