2516 4328
238 291 300 358 tat
341 291 1208 370 luorum.Pesnumennumen.scou.111,2u(an.t

235 441 281 500 rel
301 441 411 518 pietatis
419 425 529 500 'intuitu
549 440 785 514 honorificantur,
808 439 942 500 derelicta
960 451 1050 514 suot,
1071 443 1209 518 quae,si

234 515 363 574 ludebita
381 516 539 591 solventur,
558 534 615 574 nou
635 525 800 592 repetuntur
809 516 847 590 ¹).

348 703 543 758 TITULUS
569 702 855 758 vranSttttts
880 704 1094 760 octavus

522 770 754 840 (vrcuttsltttts
770 769 914 840 NONUS).

263 870 409 950 ¹)PER
451 867 595 948 QUAS
639 865 927 936 PERSONAS
969 869 1190 954 Notusu

349 969 674 1036 ossotourto
717 967 1095 1044 ACQUIttlTUtt.

191 1121 236 1166 vr.
290 1108 434 1185 Expositis
460 1111 610 1187 generibus
636 1109 856 1184 obligationum,
883 1127 957 1186 quae
982 1129 1020 1168 ex
1046 1121 1207 1181 contractu,

237 1181 280 1240 uel
303 1183 382 1258 quasi
404 1202 440 1242 ex
459 1194 602 1242 contractu
625 1191 791 1254 nascuntur,
817 1183 988 1244 admonendi
1006 1204 1132 1259 sumus,
1161 1205 1206 1243 as-

217 1305 220 1310 ,
237 1255 307 1333 quiri
328 1258 405 1314 vobis
425 1277 481 1316 non
500 1259 590 1316 solum
610 1274 662 1334 per
679 1257 876 1332 vosmetipsos,
902 1257 954 1314 sed
975 1259 1062 1314 etiam
1086 1277 1205 1335 pereas

223 1347 386 1404 personas,
431 1349 485 1389 uae
510 1334 537 1388 in
561 1342 650 1389 vestra
670 1339 809 1405 potestate
828 1338 909 1401 suut,
932 1330 1017 1388 veluti
1037 1350 1093 1406 per
1113 1352 1205 1391 servos

238 1414 342 1463 vestros
360 1415 388 1461 et
406 1350 493 1478 idion
520 1415 550 1461 ut
567 1415 677 1474 tamen,
707 1402 783 1478 quod
804 1421 856 1478 per
872 1421 966 1461 servos
985 1405 1107 1481 quidem
1132 1409 1203 1463 robis

236 1478 403 1553 acquiritur,
432 1487 521 1534 totum
548 1486 667 1534 vestrum
695 1475 767 1546 fiat,
795 1477 872 1552 quod
895 1489 988 1535 autem
1014 1497 1069 1555 per
1092 1480 1204 1550 liberos,

234 1568 307 1624 quos
324 1551 351 1605 iu
372 1559 511 1624 potestate
529 1551 654 1622 habetis,
675 1567 711 1606 ex
730 1549 902 1624 obligatione
920 1551 1005 1608 suerit
1024 1555 1202 1629 acquisitum,

236 1623 291 1679 ltoo
321 1623 460 1679 dividatur
485 1625 639 1682 secundum
666 1623 816 1697 imaginem
843 1643 937 1682 rerum
965 1628 1155 1702 proprietatis
1178 1641 1202 1684 et

234 1693 424 1770 ususfructus,
439 1716 528 1774 quam
550 1709 644 1755 nostra
664 1694 1029 1772 discrevitllcoustitutio3
1050 1711 1104 1773 ut,
1132 1703 1201 1778 quod

236 1770 273 1824 ab
299 1770 407 1826 actione
434 1769 668 1849 quoquomodo·)
697 1771 858 1857 perveniat,
887 1772 969 1830 huius
996 1776 1200 1834 usumfructum

236 1841 349 1930 quidem
370 1843 473 1902 babeat
493 1857 590 1922 pater,
609 1853 767 1920 proprietas
787 1853 881 1902 autem
899 1845 958 1902 titio
977 1859 1130 1920 servetur,
1152 1852 1201 1907 sci-

234 1915 299 1974 licet
325 1928 405 1992 patra
432 1919 572 1978 actionem
600 1927 729 1976 movente
755 1918 908 1976 secundum
934 1919 1062 1978 novellae
1091 1934 1201 1980 nostrae

207 1991 438 2050 {constitutionis
464 1993 626 2052 divisionem
640 1988 675 2065 ²).
720 1989 789 2047 Item
818 2009 869 2079 per
892 1993 995 2050 liberos
1016 1993 1153 2052 homines
1178 2011 1202 2054 et

234 2065 340 2122 alienos
360 2084 471 2140 servos,
498 2086 569 2143 quos
585 2069 659 2124 bono
676 2062 733 2120 lide
752 2065 916 2140 possidetis,
939 2066 1098 2143 acquiritur
1119 2072 1200 2142 vobis,

233 2139 283 2196 sed
303 2149 409 2196 tantum
430 2157 467 2197 ex
486 2141 595 2198 duabus
614 2138 724 2210 causis,
746 2137 774 2194 id
794 2148 836 2194 est
853 2139 876 2195 si
893 2140 959 2215 quid
979 2159 1015 2197 ex
1029 2144 1200 2218 operibusl)

203 2213 290 2269 asnis
310 2213 352 2268 sel
372 2231 409 2270 ax
428 2232 459 2270 re
476 2224 567 2272 restra
587 2215 740 2342 aotguiraut.
787 2211 842 2267 Per
860 2231 924 2268 eum
944 2233 1059 2290 quoque
1077 2236 1200 2286 serrum,

234 2287 261 2341 in
288 2304 344 2360 quo
372 2287 574 2346 usumfructum
602 2305 635 2344 ve
670 2304 749 2342 usum
761 2283 786 2355 ⁸)
799 2282 826 2358 ³)
852 2285 978 2360 habetis,
1011 2290 1146 2349 similiter
1169 2311 1200 2348 ex

202 2359 343 2415 aduolaus
368 2360 426 2417 istis
452 2363 542 2421 causis
568 2360 646 2416 vobis
672 2359 834 2435 acquiritur.
881 2359 1068 2420 Communem
1090 2383 1200 2422 serrum

235 2451 287 2508 pro
307 2431 446 2490 dominica
466 2446 546 2508 parte
566 2433 686 2491 dominis
702 2431 847 2562 aeguirere
866 2444 971 2491 certum
991 2445 1056 2508 est,
1077 2451 1200 2516 excepto

234 2522 286 2573 co,
313 2505 388 2578 quod
418 2507 465 2563 uni
491 2508 653 2564 nominatim
673 2505 849 2582 stipuoudo,
877 2517 929 2564 aut
947 2525 999 2584 per
1017 2509 1201 2572 traditionem

234 2577 418 2652 accipiendo,
451 2578 489 2637 illi
514 2581 566 2637 soli
593 2579 710 2656 acquirit
764 2577 848 2635 veluti
876 2600 939 2638 cum
965 2581 1006 2638 ita
1032 2584 1200 2672 stipuletur:

237 2653 323 2723 Nlo,
342 2650 449 2710 domiuo
467 2672 542 2724 meo,
560 2615 778 2730 tursomodo?
796 2651 846 2710 sod
865 2655 889 2711 si
906 2656 986 2712 unius
1000 2655 1114 2714 dommi
1130 2662 1200 2718 iussu

232 2743 329 2801 servus
346 2724 432 2784 fuerit
449 2729 611 2804 stipulatus,
630 2727 694 2786 licet
710 2737 794 2782 autea
809 2726 1004 2803 dubitabatur,
1025 2739 1128 2790 tameo
1142 2747 1201 2810 post

231 2810 355 2856 nostram
377 2799 547 2860 decisionem
565 2820 610 2860 res
629 2799 763 2876 expedita
782 2810 844 2874 est,
867 2813 898 2858 ut
916 2802 954 2858 illi
973 2809 1201 2884 tantumacqui-

232 2883 290 2946 rat,
311 2874 359 2949 qui
378 2874 433 2934 hoc
449 2877 476 2934 ei
494 2877 590 2934 facere
607 2875 706 2945 iussit,
728 2884 758 2931 ut
777 2875 986 2950 supradictum
1005 2888 1049 2934 est
1061 2880 1100 2954 ⁸).

289 3092 313 3134 at
327 3083 398 3129 sabb.
426 3085 455 3129 lu
468 3087 582 3130 ooutoxtu
596 3081 695 3138 neutro
710 3085 799 3130 eontra.
815 3106 844 3119 -
871 3087 896 3138 ts)
910 3085 1019 3130 mareon.
1035 3110 1064 3120 —
1095 3091 1122 3144 o)
1138 3101 1202 3136 coss·

230 3138 332 3182 modurn.
349 3159 377 3170 -
406 3139 431 3192 d)
447 3142 533 3194 opertu
549 3161 578 3172 -
606 3143 629 3194 e)
645 3139 691 3186 det.
705 3153 727 3187 o.
742 3151 778 3186 ua.

260 3279 284 3328 Β)
298 3279 368 3324 Paul.
383 3278 470 3330 seut1,
481 3275 517 3322 ts.
532 3278 549 3321 1.
562 3277 592 3322 de
607 3277 695 3323 octlou.
730 3291 794 3334 penu.
815 3283 851 3338 11,
873 3281 896 3326 9.
927 3281 1089 3339 c.eod.1V‚
1114 3287 1155 3332 st.
1176 3309 1203 3322 -

231 3335 304 3390 md.
320 3335 344 3390 8.
354 3335 390 3380 ill.
405 3335 443 3380 28.
458 3332 496 3378 26.
512 3354 541 3366 -
556 3334 607 3380 Cal.
622 3335 694 3389 1v‚tt.
730 3337 754 3390 2)
768 3338 795 3382 G.
807 3338 837 3382 tle
852 3337 921 3381 bouis
935 3347 997 3392 quae
1011 3337 1152 3396 liberisvt,
1164 3345 1201 3390 fit.

231 3391 259 3436 C.
281 3390 416 3438 commuuio
442 3389 472 3434 tle
493 3390 565 3442 legat.
588 3391 633 3444 Vl,
656 3390 695 3435 st.
729 3393 784 3438 1.,6.
799 3394 823 3438 8,
843 3416 871 3426 -
899 3395 925 3446 a)
942 3396 970 3438 Ι).
984 3394 1015 3438 tle
1037 3407 1085 3442 usur
1101 3397 1165 3458 vu,
1180 3402 1202 3445 a

230 3446 341 3502 t.s.;oe
355 3446 494 3502 episcopt,
509 3447 532 3490 8.
547 3448 563 3490 l.
579 3447 617 3492 48.
632 3447 656 3501 s.
672 3447 693 3490 t.
729 3450 746 3492 1.
765 3449 801 3494 ts.
821 3447 914 3504 Μ...
934 3451 950 3493 1.
968 3450 1056 3502 rtur.
1077 3454 1096 3497 l.
1113 3455 1156 3502 κ,
1175 3479 1203 3491 .-

261 3504 284 3554 tt
300 3503 352 3550 cul.
370 3505 418 3556 m.
442 3503 533 3549 toa...
550 3502 601 3547 tot.
631 3505 649 3547 1.
664 3503 695 3546 tle
728 3504 753 3555 4)
768 3505 794 3550 c.
815 3515 859 3559 per
879 3515 940 3560 quos
961 3517 1080 3560 personas
1101 3511 1149 3570 lv,
1165 3513 1203 3558 rt.

228 3557 313 3614 sttput.
328 3569 393 3620 seru.
401 3561 443 3618 111,
454 3559 562 3614 vitlem
577 3565 620 3612 per
633 3569 694 3614 quas
729 3561 745 3605 t.
761 3559 799 3604 tiu.
915 3569 917 3574 ’
