<?xml version="1.0" encoding="UTF-8"?>
<!DOCTYPE html PUBLIC "-//W3C//DTD XHTML 1.0 Transitional//EN"
    "http://www.w3.org/TR/xhtml1/DTD/xhtml1-transitional.dtd">
<html xmlns="http://www.w3.org/1999/xhtml" xml:lang="en" lang="en">
 <head>
  <title>
</title>
<meta http-equiv="Content-Type" content="text/html;charset=utf-8" />
  <meta name='ocr-system' content='tesseract 3.04.00' />
  <meta name='ocr-capabilities' content='ocr_page ocr_carea ocr_par ocr_line ocrx_word'/>
</head>
<body>
  <div class='ocr_page' id='page_1' title='image "./imperatorisjust00schrgoog_0125.png"; bbox 0 0 2548 4342; ppageno 0'>
   <div class='ocr_carea' id='block_1_1' title="bbox 490 171 497 200">
    <p class='ocr_par' dir='ltr' id='par_1_1' title="bbox 490 171 497 200">
     <span class='ocr_line' id='line_1_1' title="bbox 490 171 497 200; baseline 0 0"><span class='ocrx_word' id='word_1_1' title='bbox 490 171 497 200; x_wconf 80' lang='grc' dir='ltr'>Ι</span> 
     </span>
    </p>
   </div>
   <div class='ocr_carea' id='block_1_2' title="bbox 244 348 1203 430">
    <p class='ocr_par' dir='ltr' id='par_1_2' title="bbox 244 348 1203 430">
     <span class='ocr_line' id='line_1_2' title="bbox 244 348 1203 430; baseline -0.006 -18"><span class='ocrx_word' id='word_1_2' title='bbox 244 348 309 414; x_wconf 83' lang='grc'>108</span> <span class='ocrx_word' id='word_1_3' title='bbox 348 351 498 408; x_wconf 84' lang='lat' dir='ltr'>lnsrtrur.</span> <span class='ocrx_word' id='word_1_4' title='bbox 526 349 574 408; x_wconf 82' lang='lat' dir='ltr'>Da</span> <span class='ocrx_word' id='word_1_5' title='bbox 587 367 676 420; x_wconf 66' lang='lat' dir='ltr'>aaa„</span> <span class='ocrx_word' id='word_1_6' title='bbox 694 367 742 416; x_wconf 77' lang='lat' dir='ltr'>ou.</span> <span class='ocrx_word' id='word_1_7' title='bbox 755 367 793 407; x_wconf 78' lang='lat' dir='ltr'>sn</span> <span class='ocrx_word' id='word_1_8' title='bbox 809 367 869 406; x_wconf 80' lang='lat' dir='ltr'>rar.</span> <span class='ocrx_word' id='word_1_9' title='bbox 881 367 913 406; x_wconf 87' lang='lat' dir='ltr'>u.</span> <span class='ocrx_word' id='word_1_10' title='bbox 932 349 988 418; x_wconf 86' lang='grc' dir='ltr'>ΙΙΙ,</span> <span class='ocrx_word' id='word_1_11' title='bbox 1006 355 1034 406; x_wconf 88' lang='grc' dir='ltr'>Ι.</span> <span class='ocrx_word' id='word_1_12' title='bbox 1056 349 1203 430; x_wconf 76' lang='lat' dir='ltr'>§.s-o.</span> 
     </span>
    </p>
   </div>
   <div class='ocr_carea' id='block_1_3' title="bbox 215 498 1212 3595">
    <p class='ocr_par' dir='ltr' id='par_1_3' title="bbox 215 498 1212 3595">
     <span class='ocr_line' id='line_1_3' title="bbox 246 498 1205 572; baseline -0.003 -17"><span class='ocrx_word' id='word_1_13' title='bbox 246 499 377 556; x_wconf 82' lang='lat' dir='ltr'>succedit.</span> <span class='ocrx_word' id='word_1_14' title='bbox 415 499 465 554; x_wconf 91' lang='lat' dir='ltr'>sed</span> <span class='ocrx_word' id='word_1_15' title='bbox 492 507 584 572; x_wconf 86' lang='lat' dir='ltr'>potest</span> <span class='ocrx_word' id='word_1_16' title='bbox 605 498 676 568; x_wconf 89' lang='lat' dir='ltr'>dici,</span> <span class='ocrx_word' id='word_1_17' title='bbox 703 498 764 572; x_wconf 86' lang='lat' dir='ltr'>ipso</span> <span class='ocrx_word' id='word_1_18' title='bbox 790 498 850 552; x_wconf 90' lang='lat' dir='ltr'>iure</span> <span class='ocrx_word' id='word_1_19' title='bbox 874 515 934 552; x_wconf 90' lang='lat' dir='ltr'>esse</span> <span class='ocrx_word' id='word_1_20' title='bbox 960 515 1038 552; x_wconf 89' lang='lat' dir='ltr'>snum</span> <span class='ocrx_word' id='word_1_21' title='bbox 1061 498 1205 569; x_wconf 77' lang='lat' dir='ltr'>heredem,</span> 
     </span>
     <span class='ocr_line' id='line_1_4' title="bbox 215 569 1207 646; baseline -0.004 -16"><span class='ocrx_word' id='word_1_22' title='bbox 215 573 295 630; x_wconf 77' lang='lat' dir='ltr'>ttsed</span> <span class='ocrx_word' id='word_1_23' title='bbox 323 573 460 630; x_wconf 80' lang='lat' dir='ltr'>desinere.</span> <span class='ocrx_word' id='word_1_24' title='bbox 500 571 571 626; x_wconf 90' lang='lat' dir='ltr'>Cum</span> <span class='ocrx_word' id='word_1_25' title='bbox 592 571 663 627; x_wconf 86' lang='lat' dir='ltr'>filius</span> <span class='ocrx_word' id='word_1_26' title='bbox 685 569 789 641; x_wconf 88' lang='lat' dir='ltr'>filiave,</span> <span class='ocrx_word' id='word_1_27' title='bbox 819 580 847 625; x_wconf 88' lang='lat' dir='ltr'>et</span> <span class='ocrx_word' id='word_1_28' title='bbox 871 589 906 624; x_wconf 90' lang='lat' dir='ltr'>ex</span> <span class='ocrx_word' id='word_1_29' title='bbox 928 570 1016 626; x_wconf 91' lang='lat' dir='ltr'>altero</span> <span class='ocrx_word' id='word_1_30' title='bbox 1036 570 1093 626; x_wconf 87' lang='lat' dir='ltr'>lilio</span> <span class='ocrx_word' id='word_1_31' title='bbox 1116 591 1207 646; x_wconf 87' lang='lat' dir='ltr'>nepos</span> 
     </span>
     <span class='ocr_line' id='line_1_5' title="bbox 246 645 1209 734; baseline -0.001 -32"><span class='ocrx_word' id='word_1_32' title='bbox 246 648 372 734; x_wconf 73' lang='lat' dir='ltr'>neptisve</span> <span class='ocrx_word' id='word_1_33' title='bbox 404 656 523 716; x_wconf 85' lang='lat' dir='ltr'>extant,</span> <span class='ocrx_word' id='word_1_34' title='bbox 554 647 660 720; x_wconf 87' lang='lat' dir='ltr'>pariter</span> <span class='ocrx_word' id='word_1_35' title='bbox 683 645 718 700; x_wconf 90' lang='lat' dir='ltr'>ad</span> <span class='ocrx_word' id='word_1_36' title='bbox 746 645 928 699; x_wconf 77' lang='lat' dir='ltr'>hereditatem</span> <span class='ocrx_word' id='word_1_37' title='bbox 954 657 1109 716; x_wconf 84' lang='lat' dir='ltr'>vocantur,</span> <span class='ocrx_word' id='word_1_38' title='bbox 1145 665 1209 714; x_wconf 87' lang='lat' dir='ltr'>nec,</span> 
     </span>
     <span class='ocr_line' id='line_1_6' title="bbox 246 718 1210 796; baseline -0.001 -21"><span class='ocrx_word' id='word_1_39' title='bbox 246 740 292 796; x_wconf 87' lang='lat' dir='ltr'>qur</span> <span class='ocrx_word' id='word_1_40' title='bbox 313 720 401 796; x_wconf 86' lang='lat' dir='ltr'>gradu</span> <span class='ocrx_word' id='word_1_41' title='bbox 421 719 575 794; x_wconf 80' lang='lat' dir='ltr'>proximior</span> <span class='ocrx_word' id='word_1_42' title='bbox 588 730 638 791; x_wconf 90' lang='lat' dir='ltr'>est,</span> <span class='ocrx_word' id='word_1_43' title='bbox 660 718 818 774; x_wconf 78' lang='lat' dir='ltr'>ulteriorem</span> <span class='ocrx_word' id='word_1_44' title='bbox 833 719 970 776; x_wconf 86' lang='lat' dir='ltr'>excludit:</span> <span class='ocrx_word' id='word_1_45' title='bbox 991 737 1113 794; x_wconf 86' lang='lat' dir='ltr'>aequum</span> <span class='ocrx_word' id='word_1_46' title='bbox 1131 721 1210 775; x_wconf 82' lang='lat' dir='ltr'>enirn</span> 
     </span>
     <span class='ocr_line' id='line_1_7' title="bbox 245 792 1212 868; baseline 0 -19"><span class='ocrx_word' id='word_1_47' title='bbox 245 811 307 849; x_wconf 87' lang='lat' dir='ltr'>esse</span> <span class='ocrx_word' id='word_1_48' title='bbox 328 793 452 861; x_wconf 79' lang='lat' dir='ltr'>videtur,</span> <span class='ocrx_word' id='word_1_49' title='bbox 480 804 598 868; x_wconf 86' lang='lat' dir='ltr'>nepotes</span> <span class='ocrx_word' id='word_1_50' title='bbox 620 804 752 868; x_wconf 84' lang='lat' dir='ltr'>neptesve</span> <span class='ocrx_word' id='word_1_51' title='bbox 778 792 806 846; x_wconf 90' lang='lat' dir='ltr'>in</span> <span class='ocrx_word' id='word_1_52' title='bbox 829 792 976 868; x_wconf 86' lang='lat' dir='ltr'>patrissui</span> <span class='ocrx_word' id='word_1_53' title='bbox 997 793 1086 848; x_wconf 88' lang='lat' dir='ltr'>locum</span> <span class='ocrx_word' id='word_1_54' title='bbox 1107 811 1212 849; x_wconf 88' lang='lat' dir='ltr'>succe-</span> 
     </span>
     <span class='ocr_line' id='line_1_8' title="bbox 246 865 1210 943; baseline 0 -21"><span class='ocrx_word' id='word_1_55' title='bbox 246 868 323 922; x_wconf 90' lang='lat' dir='ltr'>dere.</span> <span class='ocrx_word' id='word_1_56' title='bbox 351 867 411 943; x_wconf 87' lang='lat' dir='ltr'>pari</span> <span class='ocrx_word' id='word_1_57' title='bbox 431 867 540 923; x_wconf 86' lang='lat' dir='ltr'>ratione</span> <span class='ocrx_word' id='word_1_58' title='bbox 559 877 602 937; x_wconf 88' lang='lat' dir='ltr'>et,</span> <span class='ocrx_word' id='word_1_59' title='bbox 622 868 645 922; x_wconf 88' lang='lat' dir='ltr'>si</span> <span class='ocrx_word' id='word_1_60' title='bbox 664 885 751 940; x_wconf 89' lang='lat' dir='ltr'>nepos</span> <span class='ocrx_word' id='word_1_61' title='bbox 771 866 897 939; x_wconf 85' lang='lat' dir='ltr'>neptisve</span> <span class='ocrx_word' id='word_1_62' title='bbox 917 865 952 920; x_wconf 90' lang='lat' dir='ltr'>sit</span> <span class='ocrx_word' id='word_1_63' title='bbox 971 865 1100 936; x_wconf 87' lang='lat' dir='ltr'>ex‘filio,</span> <span class='ocrx_word' id='word_1_64' title='bbox 1123 879 1210 922; x_wconf 80' lang='lat' dir='ltr'>etex</span> 
     </span>
     <span class='ocr_line' id='line_1_9' title="bbox 248 939 1211 1016; baseline 0 -21"><span class='ocrx_word' id='word_1_65' title='bbox 248 950 351 1016; x_wconf 89' lang='lat' dir='ltr'>nepote</span> <span class='ocrx_word' id='word_1_66' title='bbox 382 957 524 1015; x_wconf 85' lang='lat' dir='ltr'>pronepos</span> <span class='ocrx_word' id='word_1_67' title='bbox 548 942 744 1015; x_wconf 82' lang='lat' dir='ltr'>proneptisve,</span> <span class='ocrx_word' id='word_1_68' title='bbox 775 940 855 994; x_wconf 89' lang='lat' dir='ltr'>simul</span> <span class='ocrx_word' id='word_1_69' title='bbox 876 949 1017 994; x_wconf 80' lang='lat' dir='ltr'>vocantur.</span> <span class='ocrx_word' id='word_1_70' title='bbox 1074 939 1112 995; x_wconf 85' lang='lat' dir='ltr'>Et</span> <span class='ocrx_word' id='word_1_71' title='bbox 1142 943 1211 1015; x_wconf 87' lang='lat' dir='ltr'>quia</span> 
     </span>
     <span class='ocr_line' id='line_1_10' title="bbox 247 1014 1210 1090; baseline 0.001 -22"><span class='ocrx_word' id='word_1_72' title='bbox 247 1014 367 1087; x_wconf 86' lang='lat' dir='ltr'>placuit,</span> <span class='ocrx_word' id='word_1_73' title='bbox 395 1025 511 1088; x_wconf 86' lang='lat' dir='ltr'>nepotes</span> <span class='ocrx_word' id='word_1_74' title='bbox 527 1025 677 1090; x_wconf 86' lang='lat' dir='ltr'>neptesve,</span> <span class='ocrx_word' id='word_1_75' title='bbox 697 1015 762 1068; x_wconf 90' lang='lat' dir='ltr'>item</span> <span class='ocrx_word' id='word_1_76' title='bbox 783 1023 952 1089; x_wconf 87' lang='lat' dir='ltr'>pronepotes</span> <span class='ocrx_word' id='word_1_77' title='bbox 972 1024 1162 1088; x_wconf 85' lang='lat' dir='ltr'>proneptesre</span> <span class='ocrx_word' id='word_1_78' title='bbox 1181 1017 1210 1069; x_wconf 92' lang='lat' dir='ltr'>in</span> 
     </span>
     <span class='ocr_line' id='line_1_11' title="bbox 245 1087 1209 1162; baseline -0.002 -20"><span class='ocrx_word' id='word_1_79' title='bbox 245 1087 368 1162; x_wconf 86' lang='lat' dir='ltr'>parentis</span> <span class='ocrx_word' id='word_1_80' title='bbox 394 1089 435 1142; x_wconf 86' lang='lat' dir='ltr'>sui</span> <span class='ocrx_word' id='word_1_81' title='bbox 460 1088 549 1143; x_wconf 89' lang='lat' dir='ltr'>locum</span> <span class='ocrx_word' id='word_1_82' title='bbox 576 1088 742 1144; x_wconf 87' lang='lat' dir='ltr'>succedere:</span> <span class='ocrx_word' id='word_1_83' title='bbox 769 1089 936 1142; x_wconf 84' lang='lat' dir='ltr'>conveniens</span> <span class='ocrx_word' id='word_1_84' title='bbox 960 1105 1022 1142; x_wconf 85' lang='lat' dir='ltr'>esse</span> <span class='ocrx_word' id='word_1_85' title='bbox 1041 1091 1131 1143; x_wconf 86' lang='lat' dir='ltr'>visum</span> <span class='ocrx_word' id='word_1_86' title='bbox 1159 1101 1209 1160; x_wconf 87' lang='lat' dir='ltr'>est,</span> 
     </span>
     <span class='ocr_line' id='line_1_12' title="bbox 247 1160 1210 1236; baseline -0.001 -19"><span class='ocrx_word' id='word_1_87' title='bbox 247 1180 301 1218; x_wconf 89' lang='lat' dir='ltr'>non</span> <span class='ocrx_word' id='word_1_88' title='bbox 324 1162 477 1236; x_wconf 80' lang='lat' dir='ltr'>incapite,</span> <span class='ocrx_word' id='word_1_89' title='bbox 505 1162 601 1218; x_wconf 88' lang='lat' dir='ltr'>sedin</span> <span class='ocrx_word' id='word_1_90' title='bbox 623 1163 722 1235; x_wconf 87' lang='lat' dir='ltr'>stirpes</span> <span class='ocrx_word' id='word_1_91' title='bbox 742 1160 925 1215; x_wconf 80' lang='lat' dir='ltr'>hereditatem</span> <span class='ocrx_word' id='word_1_92' title='bbox 949 1161 1056 1231; x_wconf 86' lang='lat' dir='ltr'>dividi,</span> <span class='ocrx_word' id='word_1_93' title='bbox 1085 1173 1115 1216; x_wconf 89' lang='lat' dir='ltr'>ut</span> <span class='ocrx_word' id='word_1_94' title='bbox 1137 1161 1210 1216; x_wconf 82' lang='lat' dir='ltr'>titius</span> 
     </span>
     <span class='ocr_line' id='line_1_13' title="bbox 244 1234 1207 1310; baseline 0 -20"><span class='ocrx_word' id='word_1_95' title='bbox 244 1246 353 1310; x_wconf 90' lang='lat' dir='ltr'>partem</span> <span class='ocrx_word' id='word_1_96' title='bbox 374 1236 516 1291; x_wconf 81' lang='lat' dir='ltr'>dimidiam</span> <span class='ocrx_word' id='word_1_97' title='bbox 537 1235 699 1292; x_wconf 88' lang='lat' dir='ltr'>hereditatis</span> <span class='ocrx_word' id='word_1_98' title='bbox 719 1234 837 1306; x_wconf 88' lang='lat' dir='ltr'>habeat,</span> <span class='ocrx_word' id='word_1_99' title='bbox 857 1244 885 1290; x_wconf 89' lang='lat' dir='ltr'>et</span> <span class='ocrx_word' id='word_1_100' title='bbox 907 1251 942 1289; x_wconf 84' lang='lat' dir='ltr'>ex</span> <span class='ocrx_word' id='word_1_101' title='bbox 963 1235 1051 1290; x_wconf 91' lang='lat' dir='ltr'>altero</span> <span class='ocrx_word' id='word_1_102' title='bbox 1074 1235 1133 1290; x_wconf 90' lang='lat' dir='ltr'>filio</span> <span class='ocrx_word' id='word_1_103' title='bbox 1152 1237 1207 1290; x_wconf 90' lang='lat' dir='ltr'>duo</span> 
     </span>
     <span class='ocr_line' id='line_1_14' title="bbox 245 1308 1208 1384; baseline 0 -20"><span class='ocrx_word' id='word_1_104' title='bbox 245 1311 373 1384; x_wconf 87' lang='lat' dir='ltr'>pluresve</span> <span class='ocrx_word' id='word_1_105' title='bbox 399 1320 517 1384; x_wconf 89' lang='lat' dir='ltr'>nepotes</span> <span class='ocrx_word' id='word_1_106' title='bbox 543 1310 657 1365; x_wconf 88' lang='lat' dir='ltr'>alteram</span> <span class='ocrx_word' id='word_1_107' title='bbox 686 1308 838 1365; x_wconf 85' lang='lat' dir='ltr'>dimidiam.</span> <span class='ocrx_word' id='word_1_108' title='bbox 874 1308 956 1378; x_wconf 88' lang='lat' dir='ltr'>item,</span> <span class='ocrx_word' id='word_1_109' title='bbox 983 1310 1005 1363; x_wconf 90' lang='lat' dir='ltr'>si</span> <span class='ocrx_word' id='word_1_110' title='bbox 1032 1327 1068 1364; x_wconf 82' lang='lat' dir='ltr'>ex</span> <span class='ocrx_word' id='word_1_111' title='bbox 1096 1310 1208 1364; x_wconf 89' lang='lat' dir='ltr'>duohus</span> 
     </span>
     <span class='ocr_line' id='line_1_15' title="bbox 244 1380 1208 1457; baseline -0.001 -19"><span class='ocrx_word' id='word_1_112' title='bbox 244 1383 306 1439; x_wconf 84' lang='lat' dir='ltr'>filiis</span> <span class='ocrx_word' id='word_1_113' title='bbox 324 1394 442 1457; x_wconf 88' lang='lat' dir='ltr'>nepotes</span> <span class='ocrx_word' id='word_1_114' title='bbox 461 1393 568 1452; x_wconf 82' lang='lat' dir='ltr'>extant,</span> <span class='ocrx_word' id='word_1_115' title='bbox 587 1401 622 1438; x_wconf 86' lang='lat' dir='ltr'>ex</span> <span class='ocrx_word' id='word_1_116' title='bbox 643 1381 730 1437; x_wconf 86' lang='lat' dir='ltr'>altero</span> <span class='ocrx_word' id='word_1_117' title='bbox 747 1401 816 1437; x_wconf 90' lang='lat' dir='ltr'>unns</span> <span class='ocrx_word' id='word_1_118' title='bbox 828 1380 901 1438; x_wconf 82' lang='lat' dir='ltr'>forte</span> <span class='ocrx_word' id='word_1_119' title='bbox 917 1391 964 1436; x_wconf 89' lang='lat' dir='ltr'>aut</span> <span class='ocrx_word' id='word_1_120' title='bbox 979 1382 1045 1454; x_wconf 91' lang='lat' dir='ltr'>duo,</span> <span class='ocrx_word' id='word_1_121' title='bbox 1065 1401 1101 1438; x_wconf 84' lang='lat' dir='ltr'>ex</span> <span class='ocrx_word' id='word_1_122' title='bbox 1117 1384 1208 1438; x_wconf 87' lang='lat' dir='ltr'>altero</span> 
     </span>
     <span class='ocr_line' id='line_1_16' title="bbox 245 1455 1206 1530; baseline -0.002 -18"><span class='ocrx_word' id='word_1_123' title='bbox 245 1468 302 1513; x_wconf 87' lang='lat' dir='ltr'>tres</span> <span class='ocrx_word' id='word_1_124' title='bbox 321 1468 369 1512; x_wconf 87' lang='lat' dir='ltr'>aut</span> <span class='ocrx_word' id='word_1_125' title='bbox 388 1467 528 1530; x_wconf 81' lang='lat' dir='ltr'>quatuor,</span> <span class='ocrx_word' id='word_1_126' title='bbox 550 1457 586 1510; x_wconf 89' lang='lat' dir='ltr'>ad</span> <span class='ocrx_word' id='word_1_127' title='bbox 606 1475 689 1512; x_wconf 91' lang='lat' dir='ltr'>unum</span> <span class='ocrx_word' id='word_1_128' title='bbox 709 1467 757 1510; x_wconf 83' lang='lat' dir='ltr'>aut</span> <span class='ocrx_word' id='word_1_129' title='bbox 777 1455 812 1511; x_wconf 86' lang='lat' dir='ltr'>ad</span> <span class='ocrx_word' id='word_1_130' title='bbox 835 1456 905 1510; x_wconf 92' lang='lat' dir='ltr'>duos</span> <span class='ocrx_word' id='word_1_131' title='bbox 925 1455 1039 1512; x_wconf 87' lang='lat' dir='ltr'>dimidia</span> <span class='ocrx_word' id='word_1_132' title='bbox 1077 1475 1122 1512; x_wconf 87' lang='lat' dir='ltr'>ars</span> <span class='ocrx_word' id='word_1_133' title='bbox 1162 1477 1206 1512; x_wconf 87' lang='lat' dir='ltr'>er-</span> 
     </span>
     <span class='ocr_line' id='line_1_17' title="bbox 217 1474 1206 1617; baseline 0.003 -35"><span class='ocrx_word' id='word_1_134' title='bbox 217 1531 331 1601; x_wconf 76' lang='lat' dir='ltr'>ttinet,</span> <span class='ocrx_word' id='word_1_135' title='bbox 357 1529 394 1583; x_wconf 87' lang='lat' dir='ltr'>ad</span> <span class='ocrx_word' id='word_1_136' title='bbox 421 1540 476 1583; x_wconf 87' lang='lat' dir='ltr'>tres</span> <span class='ocrx_word' id='word_1_137' title='bbox 501 1540 549 1584; x_wconf 85' lang='lat' dir='ltr'>aut</span> <span class='ocrx_word' id='word_1_138' title='bbox 576 1530 611 1585; x_wconf 90' lang='lat' dir='ltr'>ad</span> <span class='ocrx_word' id='word_1_139' title='bbox 639 1539 760 1617; x_wconf 80' lang='lat' dir='ltr'>quatuor</span> <span class='ocrx_word' id='word_1_140' title='bbox 785 1530 872 1584; x_wconf 86' lang='lat' dir='ltr'>altera</span> <span class='ocrx_word' id='word_1_141' title='bbox 898 1474 1074 1605; x_wconf 67' lang='lat' dir='ltr'>dimitta1‘·l</span> <span class='ocrx_word' id='word_1_142' title='bbox 1134 1477 1206 1587; x_wconf 61' lang='lat' dir='ltr'>gum</span> 
     </span>
     <span class='ocr_line' id='line_1_18' title="bbox 247 1601 1206 1679; baseline 0 -21"><span class='ocrx_word' id='word_1_143' title='bbox 247 1613 340 1658; x_wconf 88' lang='lat' dir='ltr'>autem</span> <span class='ocrx_word' id='word_1_144' title='bbox 363 1603 521 1676; x_wconf 86' lang='lat' dir='ltr'>quaeritur,</span> <span class='ocrx_word' id='word_1_145' title='bbox 550 1620 584 1658; x_wconf 87' lang='lat' dir='ltr'>an</span> <span class='ocrx_word' id='word_1_146' title='bbox 611 1622 672 1679; x_wconf 90' lang='lat' dir='ltr'>qurs</span> <span class='ocrx_word' id='word_1_147' title='bbox 698 1622 763 1658; x_wconf 88' lang='lat' dir='ltr'>suus</span> <span class='ocrx_word' id='word_1_148' title='bbox 782 1601 864 1659; x_wconf 87' lang='lat' dir='ltr'>heres</span> <span class='ocrx_word' id='word_1_149' title='bbox 886 1604 1006 1659; x_wconf 84' lang='lat' dir='ltr'>existere</span> <span class='ocrx_word' id='word_1_150' title='bbox 1033 1614 1146 1678; x_wconf 89' lang='lat' dir='ltr'>potest:</span> <span class='ocrx_word' id='word_1_151' title='bbox 1173 1623 1206 1660; x_wconf 91' lang='lat' dir='ltr'>eo</span> 
     </span>
     <span class='ocr_line' id='line_1_19' title="bbox 247 1677 1206 1752; baseline 0.003 -21"><span class='ocrx_word' id='word_1_152' title='bbox 247 1686 375 1751; x_wconf 89' lang='lat' dir='ltr'>tempore</span> <span class='ocrx_word' id='word_1_153' title='bbox 400 1677 590 1750; x_wconf 87' lang='lat' dir='ltr'>quaerendum</span> <span class='ocrx_word' id='word_1_154' title='bbox 617 1689 673 1749; x_wconf 94' lang='lat' dir='ltr'>est,</span> <span class='ocrx_word' id='word_1_155' title='bbox 699 1695 755 1751; x_wconf 91' lang='lat' dir='ltr'>quo</span> <span class='ocrx_word' id='word_1_156' title='bbox 782 1687 887 1732; x_wconf 89' lang='lat' dir='ltr'>certum</span> <span class='ocrx_word' id='word_1_157' title='bbox 916 1689 974 1746; x_wconf 87' lang='lat' dir='ltr'>est,</span> <span class='ocrx_word' id='word_1_158' title='bbox 1003 1677 1126 1752; x_wconf 82' lang='lat' dir='ltr'>aliquem</span> <span class='ocrx_word' id='word_1_159' title='bbox 1148 1680 1206 1734; x_wconf 86' lang='lat' dir='ltr'>sine</span> 
     </span>
     <span class='ocr_line' id='line_1_20' title="bbox 247 1750 1205 1822; baseline 0.003 -18"><span class='ocrx_word' id='word_1_160' title='bbox 247 1759 412 1806; x_wconf 87' lang='lat' dir='ltr'>testamento</span> <span class='ocrx_word' id='word_1_161' title='bbox 431 1751 602 1822; x_wconf 82' lang='lat' dir='ltr'>decessisse,</span> <span class='ocrx_word' id='word_1_162' title='bbox 644 1750 698 1806; x_wconf 92' lang='lat' dir='ltr'>uod</span> <span class='ocrx_word' id='word_1_163' title='bbox 719 1751 818 1806; x_wconf 89' lang='lat' dir='ltr'>accidit</span> <span class='ocrx_word' id='word_1_164' title='bbox 837 1761 865 1805; x_wconf 90' lang='lat' dir='ltr'>et</span> <span class='ocrx_word' id='word_1_165' title='bbox 880 1751 1011 1806; x_wconf 88' lang='lat' dir='ltr'>destituto</span> <span class='ocrx_word' id='word_1_166' title='bbox 1027 1760 1205 1808; x_wconf 88' lang='lat' dir='ltr'>testamento.</span> 
     </span>
     <span class='ocr_line' id='line_1_21' title="bbox 246 1769 1206 1895; baseline 0.002 -16"><span class='ocrx_word' id='word_1_167' title='bbox 246 1823 300 1880; x_wconf 89' lang='lat' dir='ltr'>hac</span> <span class='ocrx_word' id='word_1_168' title='bbox 320 1824 446 1895; x_wconf 82' lang='lat' dir='ltr'>ratione,</span> <span class='ocrx_word' id='word_1_169' title='bbox 466 1825 489 1880; x_wconf 89' lang='lat' dir='ltr'>si</span> <span class='ocrx_word' id='word_1_170' title='bbox 506 1825 578 1880; x_wconf 83' lang='lat' dir='ltr'>filius</span> <span class='ocrx_word' id='word_1_171' title='bbox 597 1769 785 1880; x_wconf 75' lang='lat' dir='ltr'>erllreredatos</span> <span class='ocrx_word' id='word_1_172' title='bbox 801 1823 894 1894; x_wconf 82' lang='lat' dir='ltr'>suerit,</span> <span class='ocrx_word' id='word_1_173' title='bbox 912 1836 939 1879; x_wconf 89' lang='lat' dir='ltr'>et</span> <span class='ocrx_word' id='word_1_174' title='bbox 955 1835 1108 1880; x_wconf 83' lang='lat' dir='ltr'>extraneus</span> <span class='ocrx_word' id='word_1_175' title='bbox 1124 1825 1206 1881; x_wconf 88' lang='lat' dir='ltr'>heres</span> 
     </span>
     <span class='ocr_line' id='line_1_22' title="bbox 245 1897 1206 1972; baseline 0.001 -19"><span class='ocrx_word' id='word_1_176' title='bbox 245 1899 399 1970; x_wconf 87' lang='lat' dir='ltr'>institutus,</span> <span class='ocrx_word' id='word_1_177' title='bbox 421 1908 467 1969; x_wconf 89' lang='lat' dir='ltr'>et,</span> <span class='ocrx_word' id='word_1_178' title='bbox 486 1897 543 1954; x_wconf 83' lang='lat' dir='ltr'>lilio</span> <span class='ocrx_word' id='word_1_179' title='bbox 563 1909 673 1954; x_wconf 89' lang='lat' dir='ltr'>mortuo</span> <span class='ocrx_word' id='word_1_180' title='bbox 691 1908 805 1972; x_wconf 89' lang='lat' dir='ltr'>postea,</span> <span class='ocrx_word' id='word_1_181' title='bbox 826 1909 930 1954; x_wconf 83' lang='lat' dir='ltr'>certum</span> <span class='ocrx_word' id='word_1_182' title='bbox 951 1897 1052 1967; x_wconf 87' lang='lat' dir='ltr'>luerit,</span> <span class='ocrx_word' id='word_1_183' title='bbox 1071 1899 1206 1954; x_wconf 85' lang='lat' dir='ltr'>heredem</span> 
     </span>
     <span class='ocr_line' id='line_1_23' title="bbox 245 1971 1206 2047; baseline 0 -19"><span class='ocrx_word' id='word_1_184' title='bbox 245 1974 397 2028; x_wconf 85' lang='lat' dir='ltr'>institutum</span> <span class='ocrx_word' id='word_1_185' title='bbox 417 1989 453 2027; x_wconf 88' lang='lat' dir='ltr'>ex</span> <span class='ocrx_word' id='word_1_186' title='bbox 475 1982 642 2028; x_wconf 87' lang='lat' dir='ltr'>testamento</span> <span class='ocrx_word' id='word_1_187' title='bbox 666 1990 721 2027; x_wconf 91' lang='lat' dir='ltr'>non</span> <span class='ocrx_word' id='word_1_188' title='bbox 743 1971 805 2027; x_wconf 82' lang='lat' dir='ltr'>lieri</span> <span class='ocrx_word' id='word_1_189' title='bbox 828 1971 977 2043; x_wconf 87' lang='lat' dir='ltr'>heredem,</span> <span class='ocrx_word' id='word_1_190' title='bbox 998 1983 1046 2028; x_wconf 89' lang='lat' dir='ltr'>aut</span> <span class='ocrx_word' id='word_1_191' title='bbox 1066 1974 1133 2047; x_wconf 89' lang='lat' dir='ltr'>quia</span> <span class='ocrx_word' id='word_1_192' title='bbox 1156 1991 1206 2028; x_wconf 91' lang='lat' dir='ltr'>no-</span> 
     </span>
     <span class='ocr_line' id='line_1_24' title="bbox 245 2045 1207 2122; baseline 0 -20"><span class='ocrx_word' id='word_1_193' title='bbox 245 2047 296 2102; x_wconf 88' lang='lat' dir='ltr'>luit</span> <span class='ocrx_word' id='word_1_194' title='bbox 313 2063 374 2102; x_wconf 85' lang='lat' dir='ltr'>esse</span> <span class='ocrx_word' id='word_1_195' title='bbox 394 2045 491 2114; x_wconf 91' lang='lat' dir='ltr'>heres,</span> <span class='ocrx_word' id='word_1_196' title='bbox 513 2058 560 2101; x_wconf 89' lang='lat' dir='ltr'>aut</span> <span class='ocrx_word' id='word_1_197' title='bbox 580 2046 646 2122; x_wconf 87' lang='lat' dir='ltr'>quia</span> <span class='ocrx_word' id='word_1_198' title='bbox 662 2063 717 2100; x_wconf 94' lang='lat' dir='ltr'>non</span> <span class='ocrx_word' id='word_1_199' title='bbox 733 2045 844 2119; x_wconf 81' lang='lat' dir='ltr'>potuit,</span> <span class='ocrx_word' id='word_1_200' title='bbox 865 2063 953 2113; x_wconf 83' lang='lat' dir='ltr'>nepos</span> <span class='ocrx_word' id='word_1_201' title='bbox 970 2063 1022 2100; x_wconf 85' lang='lat' dir='ltr'>avo</span> <span class='ocrx_word' id='word_1_202' title='bbox 1038 2065 1107 2101; x_wconf 87' lang='lat' dir='ltr'>suus</span> <span class='ocrx_word' id='word_1_203' title='bbox 1126 2048 1207 2103; x_wconf 87' lang='lat' dir='ltr'>heres</span> 
     </span>
     <span class='ocr_line' id='line_1_25' title="bbox 244 2119 1206 2248; baseline 0.001 -72"><span class='ocrx_word' id='word_1_204' title='bbox 244 2121 362 2176; x_wconf 87' lang='lat' dir='ltr'>existet:</span> <span class='ocrx_word' id='word_1_205' title='bbox 388 2120 470 2193; x_wconf 89' lang='lat' dir='ltr'>quia,</span> <span class='ocrx_word' id='word_1_206' title='bbox 497 2138 552 2248; x_wconf 72' lang='lat' dir='ltr'>(pro</span> <span class='ocrx_word' id='word_1_207' title='bbox 571 2129 698 2247; x_wconf 87' lang='lat' dir='ltr'>tempore</span> <span class='ocrx_word' id='word_1_208' title='bbox 717 2129 821 2174; x_wconf 91' lang='lat' dir='ltr'>certum</span> <span class='ocrx_word' id='word_1_209' title='bbox 843 2129 900 2190; x_wconf 91' lang='lat' dir='ltr'>est,</span> <span class='ocrx_word' id='word_1_210' title='bbox 926 2119 1086 2176; x_wconf 89' lang='lat' dir='ltr'>intestatum</span> <span class='ocrx_word' id='word_1_211' title='bbox 1108 2121 1206 2177; x_wconf 88' lang='lat' dir='ltr'>deces-</span> 
     </span>
     <span class='ocr_line' id='line_1_26' title="bbox 245 2192 1205 2268; baseline 0.003 -20"><span class='ocrx_word' id='word_1_212' title='bbox 245 2195 313 2249; x_wconf 88' lang='lat' dir='ltr'>sisse</span> <span class='ocrx_word' id='word_1_213' title='bbox 352 2193 508 2248; x_wconf 87' lang='lat' dir='ltr'>atremlami</span> <span class='ocrx_word' id='word_1_214' title='bbox 520 2195 576 2265; x_wconf 90' lang='lat' dir='ltr'>ias,</span> <span class='ocrx_word' id='word_1_215' title='bbox 597 2211 628 2248; x_wconf 91' lang='lat' dir='ltr'>so</span> <span class='ocrx_word' id='word_1_216' title='bbox 641 2205 671 2247; x_wconf 80' lang='lat' dir='ltr'>u&#39;s</span> <span class='ocrx_word' id='word_1_217' title='bbox 689 2192 827 2247; x_wconf 82' lang='lat' dir='ltr'>invenitur</span> <span class='ocrx_word' id='word_1_218' title='bbox 841 2211 939 2268; x_wconf 88' lang='lat' dir='ltr'>nepos.</span> <span class='ocrx_word' id='word_1_219' title='bbox 978 2203 1006 2248; x_wconf 92' lang='lat' dir='ltr'>et</span> <span class='ocrx_word' id='word_1_220' title='bbox 1025 2193 1080 2250; x_wconf 90' lang='lat' dir='ltr'>hoc</span> <span class='ocrx_word' id='word_1_221' title='bbox 1100 2207 1205 2250; x_wconf 88' lang='lat' dir='ltr'>certum</span> 
     </span>
     <span class='ocr_line' id='line_1_27' title="bbox 216 2265 1206 2342; baseline -0.004 -16"><span class='ocrx_word' id='word_1_222' title='bbox 216 2276 298 2326; x_wconf 75' lang='lat' dir='ltr'>sest.</span> <span class='ocrx_word' id='word_1_223' title='bbox 362 2276 373 2320; x_wconf 93' lang='lat' dir='ltr'>t</span> <span class='ocrx_word' id='word_1_224' title='bbox 394 2265 457 2322; x_wconf 89' lang='lat' dir='ltr'>licet</span> <span class='ocrx_word' id='word_1_225' title='bbox 480 2278 544 2342; x_wconf 91' lang='lat' dir='ltr'>post</span> <span class='ocrx_word' id='word_1_226' title='bbox 564 2278 681 2322; x_wconf 91' lang='lat' dir='ltr'>mortem</span> <span class='ocrx_word' id='word_1_227' title='bbox 708 2267 752 2320; x_wconf 88' lang='lat' dir='ltr'>avi</span> <span class='ocrx_word' id='word_1_228' title='bbox 776 2277 857 2322; x_wconf 88' lang='lat' dir='ltr'>natus</span> <span class='ocrx_word' id='word_1_229' title='bbox 880 2267 932 2338; x_wconf 88' lang='lat' dir='ltr'>sit,</span> <span class='ocrx_word' id='word_1_230' title='bbox 956 2275 1049 2322; x_wconf 89' lang='lat' dir='ltr'>tamen</span> <span class='ocrx_word' id='word_1_231' title='bbox 1071 2269 1206 2323; x_wconf 73' lang='lat' dir='ltr'>avortivo</span> 
     </span>
     <span class='ocr_line' id='line_1_28' title="bbox 246 2339 1207 2416; baseline 0.003 -21"><span class='ocrx_word' id='word_1_232' title='bbox 246 2349 412 2413; x_wconf 89' lang='lat' dir='ltr'>conceptus,</span> <span class='ocrx_word' id='word_1_233' title='bbox 442 2352 551 2396; x_wconf 84' lang='lat' dir='ltr'>mortuo</span> <span class='ocrx_word' id='word_1_234' title='bbox 578 2353 659 2415; x_wconf 89' lang='lat' dir='ltr'>patre</span> <span class='ocrx_word' id='word_1_235' title='bbox 684 2340 759 2412; x_wconf 89' lang='lat' dir='ltr'>eius,</span> <span class='ocrx_word' id='word_1_236' title='bbox 807 2350 940 2416; x_wconf 89' lang='lat' dir='ltr'>osteaque</span> <span class='ocrx_word' id='word_1_237' title='bbox 965 2339 1078 2397; x_wconf 88' lang='lat' dir='ltr'>deserto</span> <span class='ocrx_word' id='word_1_238' title='bbox 1097 2343 1144 2398; x_wconf 84' lang='lat' dir='ltr'>ari</span> <span class='ocrx_word' id='word_1_239' title='bbox 1163 2351 1207 2398; x_wconf 90' lang='lat' dir='ltr'>te-</span> 
     </span>
     <span class='ocr_line' id='line_1_29' title="bbox 245 2359 1206 2490; baseline 0.002 -22"><span class='ocrx_word' id='word_1_240' title='bbox 245 2422 399 2482; x_wconf 89' lang='lat' dir='ltr'>stamento,</span> <span class='ocrx_word' id='word_1_241' title='bbox 425 2432 490 2469; x_wconf 91' lang='lat' dir='ltr'>suus</span> <span class='ocrx_word' id='word_1_242' title='bbox 515 2415 597 2470; x_wconf 90' lang='lat' dir='ltr'>heres</span> <span class='ocrx_word' id='word_1_243' title='bbox 623 2412 748 2470; x_wconf 89' lang='lat' dir='ltr'>efficitur.</span> <span class='ocrx_word' id='word_1_244' title='bbox 786 2359 887 2487; x_wconf 69' lang='lat' dir='ltr'>llane,</span> <span class='ocrx_word' id='word_1_245' title='bbox 913 2415 935 2470; x_wconf 89' lang='lat' dir='ltr'>si</span> <span class='ocrx_word' id='word_1_246' title='bbox 958 2425 987 2470; x_wconf 88' lang='lat' dir='ltr'>et</span> <span class='ocrx_word' id='word_1_247' title='bbox 1005 2427 1160 2490; x_wconf 86' lang='lat' dir='ltr'>conceptus</span> <span class='ocrx_word' id='word_1_248' title='bbox 1179 2427 1206 2472; x_wconf 90' lang='lat' dir='ltr'>et</span> 
     </span>
     <span class='ocr_line' id='line_1_30' title="bbox 245 2485 1205 2562; baseline 0.002 -20"><span class='ocrx_word' id='word_1_249' title='bbox 245 2497 327 2542; x_wconf 84' lang='lat' dir='ltr'>natus</span> <span class='ocrx_word' id='word_1_250' title='bbox 346 2485 429 2541; x_wconf 88' lang='lat' dir='ltr'>luerit</span> <span class='ocrx_word' id='word_1_251' title='bbox 450 2498 513 2562; x_wconf 91' lang='lat' dir='ltr'>post</span> <span class='ocrx_word' id='word_1_252' title='bbox 533 2497 649 2542; x_wconf 81' lang='lat' dir='ltr'>mortem</span> <span class='ocrx_word' id='word_1_253' title='bbox 669 2487 727 2556; x_wconf 84' lang='lat' dir='ltr'>avi,</span> <span class='ocrx_word' id='word_1_254' title='bbox 755 2499 863 2542; x_wconf 90' lang='lat' dir='ltr'>mortuo</span> <span class='ocrx_word' id='word_1_255' title='bbox 884 2499 964 2562; x_wconf 89' lang='lat' dir='ltr'>patre</span> <span class='ocrx_word' id='word_1_256' title='bbox 983 2508 1048 2559; x_wconf 93' lang='lat' dir='ltr'>suo,</span> <span class='ocrx_word' id='word_1_257' title='bbox 1077 2489 1205 2546; x_wconf 85' lang='lat' dir='ltr'>deserto-</span> 
     </span>
     <span class='ocr_line' id='line_1_31' title="bbox 245 2559 1204 2636; baseline 0.001 -21"><span class='ocrx_word' id='word_1_258' title='bbox 245 2578 301 2634; x_wconf 92' lang='lat' dir='ltr'>que</span> <span class='ocrx_word' id='word_1_259' title='bbox 322 2571 420 2634; x_wconf 90' lang='lat' dir='ltr'>postea</span> <span class='ocrx_word' id='word_1_260' title='bbox 440 2562 483 2616; x_wconf 83' lang='lat' dir='ltr'>asi</span> <span class='ocrx_word' id='word_1_261' title='bbox 505 2573 688 2630; x_wconf 89' lang='lat' dir='ltr'>testamento,</span> <span class='ocrx_word' id='word_1_262' title='bbox 716 2579 781 2616; x_wconf 89' lang='lat' dir='ltr'>suus</span> <span class='ocrx_word' id='word_1_263' title='bbox 802 2561 883 2617; x_wconf 87' lang='lat' dir='ltr'>heres</span> <span class='ocrx_word' id='word_1_264' title='bbox 903 2559 992 2636; x_wconf 73' lang='lat' dir='ltr'>arob)</span> <span class='ocrx_word' id='word_1_265' title='bbox 1016 2581 1071 2617; x_wconf 90' lang='lat' dir='ltr'>non</span> <span class='ocrx_word' id='word_1_266' title='bbox 1096 2565 1204 2633; x_wconf 89' lang='lat' dir='ltr'>existit,</span> 
     </span>
     <span class='ocr_line' id='line_1_32' title="bbox 245 2633 1207 2710; baseline 0.003 -22"><span class='ocrx_word' id='word_1_267' title='bbox 245 2634 311 2709; x_wconf 87' lang='lat' dir='ltr'>quia</span> <span class='ocrx_word' id='word_1_268' title='bbox 339 2633 413 2688; x_wconf 90' lang='lat' dir='ltr'>nullo</span> <span class='ocrx_word' id='word_1_269' title='bbox 439 2635 498 2690; x_wconf 90' lang='lat' dir='ltr'>iure</span> <span class='ocrx_word' id='word_1_270' title='bbox 525 2635 698 2708; x_wconf 83' lang='lat' dir='ltr'>cognationis</span> <span class='ocrx_word' id='word_1_271' title='bbox 723 2643 830 2708; x_wconf 84' lang='lat' dir='ltr'>patrem</span> <span class='ocrx_word' id='word_1_272' title='bbox 856 2636 897 2690; x_wconf 89' lang='lat' dir='ltr'>sui</span> <span class='ocrx_word' id='word_1_273' title='bbox 924 2637 1008 2710; x_wconf 85' lang='lat' dir='ltr'>patris</span> <span class='ocrx_word' id='word_1_274' title='bbox 1029 2637 1130 2710; x_wconf 84' lang='lat' dir='ltr'>tetigit.</span> <span class='ocrx_word' id='word_1_275' title='bbox 1169 2639 1207 2692; x_wconf 87' lang='lat' dir='ltr'>sic</span> 
     </span>
     <span class='ocr_line' id='line_1_33' title="bbox 245 2707 1207 2784; baseline 0.004 -22"><span class='ocrx_word' id='word_1_276' title='bbox 245 2713 297 2764; x_wconf 88' lang='lat' dir='ltr'>nec</span> <span class='ocrx_word' id='word_1_277' title='bbox 316 2707 362 2764; x_wconf 91' lang='lat' dir='ltr'>ille</span> <span class='ocrx_word' id='word_1_278' title='bbox 381 2717 424 2764; x_wconf 88' lang='lat' dir='ltr'>est</span> <span class='ocrx_word' id='word_1_279' title='bbox 441 2708 512 2764; x_wconf 90' lang='lat' dir='ltr'>iuter</span> <span class='ocrx_word' id='word_1_280' title='bbox 531 2709 631 2764; x_wconf 90' lang='lat' dir='ltr'>liberos</span> <span class='ocrx_word' id='word_1_281' title='bbox 651 2727 718 2778; x_wconf 86' lang='lat' dir='ltr'>avo,</span> <span class='ocrx_word' id='word_1_282' title='bbox 737 2726 819 2780; x_wconf 89' lang='lat' dir='ltr'>quem</span> <span class='ocrx_word' id='word_1_283' title='bbox 839 2707 910 2764; x_wconf 89' lang='lat' dir='ltr'>filius</span> <span class='ocrx_word' id='word_1_284' title='bbox 925 2710 1119 2784; x_wconf 87' lang='lat' dir='ltr'>emancipatus</span> <span class='ocrx_word' id='word_1_285' title='bbox 1136 2710 1207 2765; x_wconf 88' lang='lat' dir='ltr'>ado-</span> 
     </span>
     <span class='ocr_line' id='line_1_34' title="bbox 244 2781 1205 2858; baseline 0.001 -21"><span class='ocrx_word' id='word_1_286' title='bbox 244 2791 379 2858; x_wconf 84' lang='lat' dir='ltr'>ptaverat.</span> <span class='ocrx_word' id='word_1_287' title='bbox 418 2781 445 2836; x_wconf 93' lang='lat' dir='ltr'>hi</span> <span class='ocrx_word' id='word_1_288' title='bbox 471 2793 583 2850; x_wconf 87' lang='lat' dir='ltr'>autern,</span> <span class='ocrx_word' id='word_1_289' title='bbox 610 2800 671 2836; x_wconf 92' lang='lat' dir='ltr'>cum</span> <span class='ocrx_word' id='word_1_290' title='bbox 693 2801 746 2838; x_wconf 93' lang='lat' dir='ltr'>non</span> <span class='ocrx_word' id='word_1_291' title='bbox 767 2792 830 2836; x_wconf 88' lang='lat' dir='ltr'>sunt</span> <span class='ocrx_word' id='word_1_292' title='bbox 851 2794 982 2856; x_wconf 90' lang='lat' dir='ltr'>quantum</span> <span class='ocrx_word' id='word_1_293' title='bbox 1004 2785 1040 2838; x_wconf 88' lang='lat' dir='ltr'>ad</span> <span class='ocrx_word' id='word_1_294' title='bbox 1060 2783 1205 2840; x_wconf 89' lang='lat' dir='ltr'>heredita-</span> 
     </span>
     <span class='ocr_line' id='line_1_35' title="bbox 244 2856 1206 2932; baseline 0.002 -22"><span class='ocrx_word' id='word_1_295' title='bbox 244 2867 300 2912; x_wconf 91' lang='lat' dir='ltr'>tem</span> <span class='ocrx_word' id='word_1_296' title='bbox 328 2856 423 2927; x_wconf 89' lang='lat' dir='ltr'>liberi,</span> <span class='ocrx_word' id='word_1_297' title='bbox 457 2875 547 2932; x_wconf 87' lang='lat' dir='ltr'>neque</span> <span class='ocrx_word' id='word_1_298' title='bbox 575 2860 708 2910; x_wconf 86' lang='lat' dir='ltr'>bonorum</span> <span class='ocrx_word' id='word_1_299' title='bbox 738 2856 939 2928; x_wconf 87' lang='lat' dir='ltr'>possessionem</span> <span class='ocrx_word' id='word_1_300' title='bbox 966 2867 1064 2931; x_wconf 90' lang='lat' dir='ltr'>petere</span> <span class='ocrx_word' id='word_1_301' title='bbox 1090 2867 1206 2932; x_wconf 88' lang='lat' dir='ltr'>possunt</span> 
     </span>
     <span class='ocr_line' id='line_1_36' title="bbox 245 2928 1142 3006; baseline 0.003 -22"><span class='ocrx_word' id='word_1_302' title='bbox 245 2929 324 3004; x_wconf 86' lang='lat' dir='ltr'>quasi</span> <span class='ocrx_word' id='word_1_303' title='bbox 343 2929 461 3002; x_wconf 90' lang='lat' dir='ltr'>proximi</span> <span class='ocrx_word' id='word_1_304' title='bbox 482 2931 604 3005; x_wconf 83' lang='lat' dir='ltr'>cognati.</span> <span class='ocrx_word' id='word_1_305' title='bbox 623 2961 660 2970; x_wconf 89' lang='lat'>-</span> <span class='ocrx_word' id='word_1_306' title='bbox 700 2928 777 2984; x_wconf 81' lang='lat' dir='ltr'>llaec</span> <span class='ocrx_word' id='word_1_307' title='bbox 796 2931 831 2984; x_wconf 88' lang='lat' dir='ltr'>de</span> <span class='ocrx_word' id='word_1_308' title='bbox 852 2931 907 2984; x_wconf 89' lang='lat' dir='ltr'>suis</span> <span class='ocrx_word' id='word_1_309' title='bbox 925 2929 1074 2986; x_wconf 88' lang='lat' dir='ltr'>heredihus</span> <span class='ocrx_word' id='word_1_310' title='bbox 1088 2928 1142 3006; x_wconf 86' lang='lat'><strong>¹¹).</strong></span> 
     </span>
     <span class='ocr_line' id='line_1_37' title="bbox 215 3001 1205 3071; baseline 0.004 -14"><span class='ocrx_word' id='word_1_311' title='bbox 215 3011 233 3057; x_wconf 81' lang='lat' dir='ltr'>a</span> <span class='ocrx_word' id='word_1_312' title='bbox 301 3001 596 3071; x_wconf 88' lang='lat' dir='ltr'>Emancipati&#39;autem</span> <span class='ocrx_word' id='word_1_313' title='bbox 624 3001 703 3057; x_wconf 89' lang='lat' dir='ltr'>liberi</span> <span class='ocrx_word' id='word_1_314' title='bbox 728 3003 788 3057; x_wconf 90' lang='lat' dir='ltr'>iure</span> <span class='ocrx_word' id='word_1_315' title='bbox 814 3003 884 3058; x_wconf 81' lang='lat' dir='ltr'>civili</span> <span class='ocrx_word' id='word_1_316' title='bbox 911 3004 977 3059; x_wconf 90' lang='lat' dir='ltr'>nihil</span> <span class='ocrx_word' id='word_1_317' title='bbox 996 3005 1063 3058; x_wconf 90' lang='lat' dir='ltr'>iuris</span> <span class='ocrx_word' id='word_1_318' title='bbox 1081 3003 1205 3061; x_wconf 88' lang='lat' dir='ltr'>hahent:</span> 
     </span>
     <span class='ocr_line' id='line_1_38' title="bbox 216 3076 1204 3153; baseline 0.005 -25"><span class='ocrx_word' id='word_1_319' title='bbox 216 3091 223 3110; x_wconf 66' lang='lat'>‘-</span> <span class='ocrx_word' id='word_1_320' title='bbox 245 3076 425 3147; x_wconf 85' lang='lat' dir='ltr'>nequeenim</span> <span class='ocrx_word' id='word_1_321' title='bbox 448 3077 489 3131; x_wconf 89' lang='lat' dir='ltr'>sui</span> <span class='ocrx_word' id='word_1_322' title='bbox 509 3077 628 3132; x_wconf 88' lang='lat' dir='ltr'>heredes</span> <span class='ocrx_word' id='word_1_323' title='bbox 648 3085 728 3147; x_wconf 89' lang='lat' dir='ltr'>sunt,</span> <span class='ocrx_word' id='word_1_324' title='bbox 749 3077 812 3148; x_wconf 86' lang='lat' dir='ltr'>quia</span> <span class='ocrx_word' id='word_1_325' title='bbox 824 3079 848 3150; x_wconf 78' lang='lat'>⁸)</span> <span class='ocrx_word' id='word_1_326' title='bbox 867 3078 895 3132; x_wconf 90' lang='lat' dir='ltr'>in</span> <span class='ocrx_word' id='word_1_327' title='bbox 914 3087 1053 3153; x_wconf 89' lang='lat' dir='ltr'>potestate</span> <span class='ocrx_word' id='word_1_328' title='bbox 1073 3097 1135 3134; x_wconf 88' lang='lat' dir='ltr'>esse</span> <span class='ocrx_word' id='word_1_329' title='bbox 1154 3080 1204 3133; x_wconf 91' lang='lat' dir='ltr'>de-</span> 
     </span>
     <span class='ocr_line' id='line_1_39' title="bbox 244 3147 1204 3225; baseline 0.005 -24"><span class='ocrx_word' id='word_1_330' title='bbox 244 3147 351 3202; x_wconf 87' lang='lat' dir='ltr'>sierunt</span> <span class='ocrx_word' id='word_1_331' title='bbox 372 3150 510 3221; x_wconf 87' lang='lat' dir='ltr'>parentis,</span> <span class='ocrx_word' id='word_1_332' title='bbox 530 3167 621 3224; x_wconf 90' lang='lat' dir='ltr'>neque</span> <span class='ocrx_word' id='word_1_333' title='bbox 642 3149 695 3203; x_wconf 84' lang='lat' dir='ltr'>alio</span> <span class='ocrx_word' id='word_1_334' title='bbox 717 3149 772 3215; x_wconf 86' lang='lat' dir='ltr'>ullo</span> <span class='ocrx_word' id='word_1_335' title='bbox 794 3151 853 3208; x_wconf 87' lang='lat' dir='ltr'>iure</span> <span class='ocrx_word' id='word_1_336' title='bbox 873 3168 926 3225; x_wconf 90' lang='lat' dir='ltr'>per</span> <span class='ocrx_word' id='word_1_337' title='bbox 944 3151 1034 3224; x_wconf 85' lang='lat' dir='ltr'>legem</span> <span class='ocrx_word' id='word_1_338' title='bbox 1056 3151 1204 3208; x_wconf 86' lang='lat' dir='ltr'>duodecim</span> 
     </span>
     <span class='ocr_line' id='line_1_40' title="bbox 244 3219 1205 3298; baseline 0.005 -22"><span class='ocrx_word' id='word_1_339' title='bbox 244 3219 401 3276; x_wconf 87' lang='lat' dir='ltr'>tabularum</span> <span class='ocrx_word' id='word_1_340' title='bbox 422 3233 562 3278; x_wconf 84' lang='lat' dir='ltr'>vocantur.</span> <span class='ocrx_word' id='word_1_341' title='bbox 602 3221 659 3277; x_wconf 87' lang='lat' dir='ltr'>Sed</span> <span class='ocrx_word' id='word_1_342' title='bbox 686 3233 813 3295; x_wconf 87' lang='lat' dir='ltr'>praetor,</span> <span class='ocrx_word' id='word_1_343' title='bbox 842 3225 959 3280; x_wconf 89' lang='lat' dir='ltr'>naturali</span> <span class='ocrx_word' id='word_1_344' title='bbox 978 3224 1121 3298; x_wconf 87' lang='lat' dir='ltr'>aequitate</span> <span class='ocrx_word' id='word_1_345' title='bbox 1142 3245 1205 3281; x_wconf 91' lang='lat' dir='ltr'>mo·</span> 
     </span>
     <span class='ocr_line' id='line_1_41' title="bbox 244 3294 1205 3374; baseline 0.003 -24"><span class='ocrx_word' id='word_1_346' title='bbox 244 3305 306 3367; x_wconf 86' lang='lat' dir='ltr'>tus,</span> <span class='ocrx_word' id='word_1_347' title='bbox 327 3295 375 3350; x_wconf 85' lang='lat' dir='ltr'>dat</span> <span class='ocrx_word' id='word_1_348' title='bbox 395 3294 434 3350; x_wconf 90' lang='lat' dir='ltr'>eis</span> <span class='ocrx_word' id='word_1_349' title='bbox 455 3296 589 3352; x_wconf 90' lang='lat' dir='ltr'>bonorum</span> <span class='ocrx_word' id='word_1_350' title='bbox 605 3297 808 3370; x_wconf 89' lang='lat' dir='ltr'>possessionem</span> <span class='ocrx_word' id='word_1_351' title='bbox 822 3297 891 3353; x_wconf 82' lang='lat' dir='ltr'>ttnde</span> <span class='ocrx_word' id='word_1_352' title='bbox 906 3296 994 3370; x_wconf 75' lang='lat' dir='ltr'>lihesi,</span> <span class='ocrx_word' id='word_1_353' title='bbox 1015 3301 1133 3374; x_wconf 88' lang='lat' dir='ltr'>perinde</span> <span class='ocrx_word' id='word_1_354' title='bbox 1148 3301 1205 3354; x_wconf 86' lang='lat' dir='ltr'>acsi</span> 
     </span>
     <span class='ocr_line' id='line_1_42' title="bbox 242 3369 1204 3444; baseline 0.001 -20"><span class='ocrx_word' id='word_1_355' title='bbox 242 3371 271 3424; x_wconf 90' lang='lat' dir='ltr'>in</span> <span class='ocrx_word' id='word_1_356' title='bbox 288 3378 428 3444; x_wconf 87' lang='lat' dir='ltr'>potestate</span> <span class='ocrx_word' id='word_1_357' title='bbox 445 3370 567 3442; x_wconf 83' lang='lat' dir='ltr'>parentis</span> <span class='ocrx_word' id='word_1_358' title='bbox 587 3369 682 3424; x_wconf 86' lang='lat' dir='ltr'>mortis</span> <span class='ocrx_word' id='word_1_359' title='bbox 702 3380 829 3444; x_wconf 86' lang='lat' dir='ltr'>tempore</span> <span class='ocrx_word' id='word_1_360' title='bbox 847 3373 979 3444; x_wconf 71' lang='lat' dir='ltr'>inissent,</span> <span class='ocrx_word' id='word_1_361' title='bbox 1000 3375 1057 3426; x_wconf 86' lang='lat' dir='ltr'>sive</span> <span class='ocrx_word' id='word_1_362' title='bbox 1072 3374 1122 3428; x_wconf 89' lang='lat' dir='ltr'>soli</span> <span class='ocrx_word' id='word_1_363' title='bbox 1139 3375 1204 3439; x_wconf 83' lang='lat' dir='ltr'>sint,</span> 
     </span>
     <span class='ocr_line' id='line_1_43' title="bbox 243 3444 1205 3519; baseline 0.002 -21"><span class='ocrx_word' id='word_1_364' title='bbox 243 3445 301 3498; x_wconf 87' lang='lat' dir='ltr'>sive</span> <span class='ocrx_word' id='word_1_365' title='bbox 321 3462 382 3499; x_wconf 90' lang='lat' dir='ltr'>cum</span> <span class='ocrx_word' id='word_1_366' title='bbox 404 3444 460 3498; x_wconf 88' lang='lat' dir='ltr'>sois</span> <span class='ocrx_word' id='word_1_367' title='bbox 481 3444 630 3500; x_wconf 87' lang='lat' dir='ltr'>heredibus</span> <span class='ocrx_word' id='word_1_368' title='bbox 649 3454 824 3500; x_wconf 87' lang='lat' dir='ltr'>concurrant.</span> <span class='ocrx_word' id='word_1_369' title='bbox 861 3445 956 3519; x_wconf 89' lang='lat' dir='ltr'>itaque</span> <span class='ocrx_word' id='word_1_370' title='bbox 981 3444 1090 3501; x_wconf 90' lang='lat' dir='ltr'>duobus</span> <span class='ocrx_word' id='word_1_371' title='bbox 1111 3447 1205 3502; x_wconf 87' lang='lat' dir='ltr'>liberis</span> 
     </span>
     <span class='ocr_line' id='line_1_44' title="bbox 243 3516 1205 3595; baseline 0.002 -22"><span class='ocrx_word' id='word_1_372' title='bbox 243 3518 421 3584; x_wconf 87' lang='lat' dir='ltr'>extantibus,</span> <span class='ocrx_word' id='word_1_373' title='bbox 449 3519 624 3594; x_wconf 88' lang='lat' dir='ltr'>emancipato</span> <span class='ocrx_word' id='word_1_374' title='bbox 649 3528 676 3572; x_wconf 91' lang='lat' dir='ltr'>et</span> <span class='ocrx_word' id='word_1_375' title='bbox 702 3516 784 3592; x_wconf 66' lang='lat' dir='ltr'>quid)</span> <span class='ocrx_word' id='word_1_376' title='bbox 813 3519 909 3573; x_wconf 89' lang='lat' dir='ltr'>mortis</span> <span class='ocrx_word' id='word_1_377' title='bbox 928 3530 1055 3594; x_wconf 89' lang='lat' dir='ltr'>tempore</span> <span class='ocrx_word' id='word_1_378' title='bbox 1073 3521 1100 3575; x_wconf 91' lang='lat' dir='ltr'>in</span> <span class='ocrx_word' id='word_1_379' title='bbox 1121 3531 1205 3595; x_wconf 89' lang='lat' dir='ltr'>pote-</span> 
     </span>
    </p>
   </div>
   <div class='ocr_carea' id='block_1_4' title="bbox 299 3691 800 3748">
    <p class='ocr_par' dir='ltr' id='par_1_4' title="bbox 299 3691 800 3748">
     <span class='ocr_line' id='line_1_45' title="bbox 299 3691 800 3748; baseline 0.002 -13"><span class='ocrx_word' id='word_1_380' title='bbox 299 3695 323 3746; x_wconf 79' lang='lat' dir='ltr'>o)</span> <span class='ocrx_word' id='word_1_381' title='bbox 339 3691 392 3736; x_wconf 81' lang='lat' dir='ltr'>Dei.</span> <span class='ocrx_word' id='word_1_382' title='bbox 406 3704 457 3738; x_wconf 82' lang='lat' dir='ltr'>ovo.</span> <span class='ocrx_word' id='word_1_383' title='bbox 473 3715 501 3726; x_wconf 92' lang='lat'>-</span> <span class='ocrx_word' id='word_1_384' title='bbox 529 3697 550 3746; x_wconf 87' lang='lat' dir='ltr'>o)</span> <span class='ocrx_word' id='word_1_385' title='bbox 567 3696 613 3748; x_wconf 77' lang='lat' dir='ltr'>qut.</span> <span class='ocrx_word' id='word_1_386' title='bbox 628 3715 655 3724; x_wconf 92' lang='lat'><em>-</em></span> <span class='ocrx_word' id='word_1_387' title='bbox 685 3691 708 3743; x_wconf 85' lang='lat' dir='ltr'>d)</span> <span class='ocrx_word' id='word_1_388' title='bbox 723 3704 763 3747; x_wconf 87' lang='lat' dir='ltr'>eo,</span> <span class='ocrx_word' id='word_1_389' title='bbox 780 3705 800 3747; x_wconf 84' lang='lat' dir='ltr'>q.</span> 
     </span>
    </p>
   </div>
   <div class='ocr_carea' id='block_1_5' title="bbox 271 3811 1197 3873">
    <p class='ocr_par' dir='ltr' id='par_1_5' title="bbox 271 3811 1197 3873">
     <span class='ocr_line' id='line_1_46' title="bbox 271 3811 1197 3873; baseline 0.003 -18"><span class='ocrx_word' id='word_1_390' title='bbox 271 3811 311 3863; x_wconf 78' lang='lat'>10)</span> <span class='ocrx_word' id='word_1_391' title='bbox 321 3813 346 3856; x_wconf 80' lang='lat' dir='ltr'>C.</span> <span class='ocrx_word' id='word_1_392' title='bbox 356 3815 378 3857; x_wconf 78' lang='lat' dir='ltr'>n.</span> <span class='ocrx_word' id='word_1_393' title='bbox 389 3815 434 3858; x_wconf 75' lang='lat' dir='ltr'>tc.</span> <span class='ocrx_word' id='word_1_394' title='bbox 443 3818 464 3860; x_wconf 80' lang='lat'>3.</span> <span class='ocrx_word' id='word_1_395' title='bbox 477 3837 503 3849; x_wconf 89' lang='lat'><em>—</em></span> <span class='ocrx_word' id='word_1_396' title='bbox 521 3819 592 3868; x_wconf 71' lang='lat' dir='ltr'>llll).</span> <span class='ocrx_word' id='word_1_397' title='bbox 601 3821 623 3860; x_wconf 87' lang='lat' dir='ltr'>h.</span> <span class='ocrx_word' id='word_1_398' title='bbox 635 3817 707 3859; x_wconf 63' lang='lat' dir='ltr'>laet.</span> <span class='ocrx_word' id='word_1_399' title='bbox 717 3817 753 3870; x_wconf 81' lang='lat' dir='ltr'>S.;</span> <span class='ocrx_word' id='word_1_400' title='bbox 783 3819 844 3860; x_wconf 86' lang='lat' dir='ltr'>trude</span> <span class='ocrx_word' id='word_1_401' title='bbox 857 3819 1112 3873; x_wconf 74' lang='lat' dir='ltr'>cogn.xxxt&#39;111,e.t.</span> <span class='ocrx_word' id='word_1_402' title='bbox 1123 3820 1140 3860; x_wconf 86' lang='lat' dir='ltr'>t.</span> <span class='ocrx_word' id='word_1_403' title='bbox 1149 3816 1197 3871; x_wconf 68' lang='lat' dir='ltr'>§.S</span> 
     </span>
    </p>
   </div>
   <div class='ocr_carea' id='block_1_6' title="bbox 0 0 1278 4342">
    <p class='ocr_par' dir='ltr' id='par_1_6' title="bbox 0 0 1278 4342">
     <span class='ocr_line' id='line_1_47' title="bbox 0 0 1278 4342; baseline 0 0"><span class='ocrx_word' id='word_1_404' title='bbox 0 0 1278 4342; x_wconf 95' lang='lat' dir='ltr'> </span> 
     </span>
    </p>
   </div>
  </div>
 </body>
</html>
