2516 4328
228 297 295 364 168
398 297 545 358 tuscum.
578 295 624 354 Da
642 313 773 362 tutunus
793 297 846 366 tv,
860 304 889 354 ⁴.
916 295 949 378 5
963 303 1073 356 d--9.

199 461 221 506 4
234 447 420 524 percurrerit,
442 443 514 501 nulia
532 444 559 500 in
580 463 643 500 erim
665 443 738 500 actio
758 444 871 499 domino
890 445 1039 517 competit.
1083 444 1108 498 si
1130 463 1210 500 coru-

232 527 309 578 muni
327 538 407 576 serto
425 518 524 575 iniuria
539 518 614 574 sacta
627 518 683 588 sit,
704 533 824 592 aequum
839 528 897 589 est,
916 536 972 573 non
989 535 1044 591 pro
1061 534 1101 572 ea
1117 531 1210 593 parte,

233 613 288 670 qua
308 594 437 649 dominus
456 592 572 667 quisque
592 600 649 658 est,
670 589 889 646 aestimationem
909 591 1029 646 iniuriae
1050 591 1140 662 fieri,
1162 594 1209 647 sed

200 683 222 726 o
234 687 270 724 ex
292 668 468 723 dominorum
486 682 623 740 persona,
644 663 709 738 quia
729 663 796 737 ipsis
815 663 847 719 iit
866 665 974 720 iniuria.
996 665 1109 741 quodsi
1127 683 1210 720 urus-

233 740 340 798 sructus
367 739 394 795 iu
419 756 498 794 serto
525 737 594 792 Titii
620 747 679 806 est,
705 737 860 812 proprietas
886 737 988 793 Maeuii
1017 749 1085 808 est,
1116 740 1209 813 magis

204 813 346 873 amasus
365 812 464 867 iniuria
482 810 542 866 fieri
564 809 740 897 intellegitur.
766 809 852 865 sedai
869 809 970 884 libero,
1012 810 1041 866 ui
1060 811 1116 867 tibi
1135 813 1208 867 bona

234 886 291 946 fide
310 886 411 956 servit,
437 883 536 940 iniuria
554 881 630 938 sacta
648 893 703 955 stt,
730 882 804 938 nulia
825 883 872 938 tibi
892 885 964 940 actio
986 829 1130 957 dabitur,
1159 887 1209 942 red

234 977 286 1016 suo
309 959 421 1014 nomine
444 958 468 1014 is
492 956 613 1032 experiri
637 955 756 1031 poterit3
781 954 833 1011 nisi
851 958 878 1012 in
901 957 1107 1014 contumeliam
1130 967 1207 1014 tuam

235 1035 360 1121 pulsatus
386 1033 440 1104 sit,
467 1040 533 1086 tunc
558 1031 631 1087 enim
655 1028 788 1101 competit
813 1040 841 1084 et
858 1030 907 1086 tibi
926 1031 1100 1086 iniuriarum
1121 1033 1205 1088 actio.

236 1105 309 1161 idem
337 1123 404 1178 ergo
430 1114 472 1160 est
495 1113 523 1160 et
549 1103 575 1159 iu
595 1101 785 1159 servoaiieno
805 1101 956 1160 bonafide
976 1104 1028 1159 tibi
1049 1106 1205 1176 serviente,

235 1189 266 1235 ut
290 1180 390 1234 totiens
415 1177 577 1234 admittatur
600 1175 761 1232 iniuriarum
789 1177 878 1249 actio,
907 1177 1036 1252 quotiens
1067 1179 1101 1236 in
1129 1190 1204 1234 tuam

236 1252 430 1312 contumeliam
450 1250 549 1306 iniuria
569 1249 595 1306 ei
614 1248 688 1305 sacta
707 1248 751 1305 sit.

204 1338 223 1380 ‘t
290 1327 384 1384 Poena
409 1336 502 1380 autem
529 1323 690 1379 iniuriarum
715 1339 751 1377 ex
776 1319 838 1394 lege
864 1320 1013 1378 duodecim
1035 1325 1198 1381 tabularum

234 1416 350 1478 propter
377 1399 532 1456 membrum
557 1396 670 1471 quidem
689 1404 800 1482 ruptum
820 1393 886 1450 talio
905 1405 982 1468 erat3
1011 1408 1142 1474 propter
1160 1417 1200 1454 os-

234 1474 334 1548 surnh)
358 1493 422 1529 vero
442 1472 560 1527 fractum
588 1486 761 1524 nummariae
784 1485 894 1542 poenae
914 1479 993 1524 eraut
1016 1472 1197 1537 constitutae,

236 1547 314 1621 quasi
335 1548 361 1601 iu
379 1561 481 1619 magne
498 1552 621 1598 veterum
642 1551 817 1630 paupertate.
854 1539 913 1597 Setl
933 1553 1033 1618 postea
1054 1556 1198 1618 praetores

235 1618 434 1693 permittebant
448 1616 529 1692 ipsis,
549 1615 596 1690 qui
616 1615 744 1671 iniuriam
761 1614 930 1689 puerinum,
950 1633 1013 1671 eam
1030 1619 1197 1676 aestimare:

238 1703 267 1746 ut
290 1691 374 1746 iudex
400 1690 441 1746 vei
464 1689 533 1744 tanti
551 1689 733 1760 condemnet,
761 1687 856 1763 quanti
877 1687 1005 1744 iniuriam
1049 1709 1136 1746 assus
1155 1709 1196 1747 ae-

237 1764 403 1836 stimaverit,
425 1763 465 1818 rei
486 1762 615 1834 minoris,
635 1772 719 1838 prout
738 1761 764 1816 ei
784 1761 870 1816 visum
889 1761 980 1817 suerit.
1021 1709 1087 1820 ged
1110 1783 1196 1837 poena

258 1837 349 1892 uidem
367 1837 501 1907 iniuriae,
527 1853 598 1912 quae
619 1852 654 1891 ex
677 1835 738 1908 iege
758 1833 905 1890 duodecim
926 1835 1091 1893 tabularum
1114 1838 1197 1893 intro-

237 1855 320 1966 Hucta
347 1921 404 1982 est,
431 1911 458 1966 in
484 1907 693 1964 desuetudinem
720 1908 804 1980 abiit3
832 1925 915 1982 quam
936 1921 1029 1964 autern
1051 1922 1198 1986 praetores

237 1985 471 2052 introduxerunt,
490 1999 562 2057 quae
585 1982 667 2038 etiam
686 1979 829 2039 itonotntio
845 1982 1020 2056 appellatur,
1038 1983 1070 2038 in
1093 1985 1197 2039 iudiciis

237 2057 437 2132 frequentatur.
476 2073 540 2111 narn
567 2054 718 2111 secundum
753 2054 869 2130 gradum
896 2055 1039 2142 dignitatis
1070 2058 1197 2134 vitaeque

236 2131 412 2187 honestatem
441 2129 538 2184 crescit
567 2138 615 2183 aut
639 2127 771 2184 minuitur
798 2128 952 2185 aestimatio
982 2129 1126 2204 iniuriae;
1155 2133 1196 2218 qui
1243 2173 1244 2200 ἶ

238 2205 341 2280 gradus
362 2202 600 2259 condemnationis
626 2212 654 2256 et
676 2202 703 2256 in
724 2201 812 2256 serviti
857 2219 955 2258 mona
977 2220 1035 2257 non
1056 2205 1197 2260 immerito

238 2288 385 2347 seruatur,
411 2287 441 2330 ut
457 2275 531 2330 aliud
547 2275 572 2330 in
589 2291 668 2329 servo
685 2286 793 2345 actore,
815 2219 889 2330 afind
906 2275 932 2330 in
948 2275 1033 2330 medii
1048 2289 1133 2334 actus
1150 2277 1196 2333 bo-

207 2351 326 2419 emiae,
351 2348 425 2404 aliud
445 2347 472 2403 in
488 2347 616 2403 vilissimo
632 2347 674 2402 rei
690 2347 849 2421 compedito
865 2350 1102 2422 constituatur‘⁶).
1143 2351 1195 2408 Sed

236 2433 266 2476 et
286 2422 329 2477 lex
346 2420 477 2492 Cornelia
494 2420 531 2477 de
546 2420 651 2474 iniuriis
668 2421 693 2475 Ιο
715 2421 802 2493 uitur,
825 2431 853 2476 et
874 2421 1035 2477 iniuriarum
1056 2422 1194 2480 actionem

239 2493 400 2548 introduxit.
438 2509 511 2566 quae
531 2493 664 2565 competit
682 2439 718 2548 ob
739 2512 801 2549 eam
821 2511 897 2562 rem,
918 2495 992 2569 quod
1008 2513 1039 2550 se
1055 2497 1194 2571 pulsatum

239 2567 300 2641 quis
317 2567 543 2632 verberatum,
566 2563 714 2622 domumve
735 2584 813 2622 suam
830 2568 855 2621 ri
872 2568 1012 2623 introitum
1023 2565 1044 2644 t)
1072 2587 1139 2627 esse
1156 2570 1195 2624 di-

239 2651 293 2695 cat.
331 2638 443 2694 domum
466 2646 559 2692 autem
582 2637 749 2712 accipimus,
773 2641 829 2695 sive
852 2640 879 2695 in
899 2641 1012 2716 propria
1028 2641 1117 2698 donno
1138 2645 1194 2718 quis

237 2711 360 2784 habitat,
381 2713 437 2767 sire
454 2711 481 2766 in
498 2711 654 2782 conducta,
675 2711 716 2768 uei
733 2713 833 2786 gratis,
853 2714 910 2768 sive
925 2715 975 2771 bos
997 2715 1046 2769 itio
1065 2729 1195 2792 receptus

207 2784 318 2860 ssitt).
355 2789 442 2841 Atrox
466 2785 565 2840 iniuria
582 2785 744 2840 aestimatur
763 2784 805 2841 uei
825 2803 860 2841 ex
875 2786 950 2843 facto
974 2731 1074 2864 beloti
1096 2789 1119 2844 si
1138 2793 1194 2868 quis

238 2861 274 2915 ab
297 2859 390 2935 aliquo
413 2857 571 2914 vulneratur
594 2858 694 2930 suerit,
725 2858 766 2914 vei
787 2858 905 2916 fustibus
927 2857 1063 2936 caesus),
1094 2863 1139 2920 rei
1162 2882 1192 2919 en

237 2933 299 2988 ioco
321 2931 416 3010 (veluti
437 2932 460 2986 si
481 2933 524 2986 cui
544 2931 571 2986 in
589 2930 714 2999 theatro,
737 2932 780 2987 vei
796 2933 822 2988 in
839 2931 918 3005 foro,
940 2935 981 2990 vel
998 2935 1026 2990 in
1042 2947 1193 3011 conspectu

235 3007 376 3080 praetoris
394 3004 494 3059 iniuria
513 3003 587 3059 sacta
608 3005 676 3074 sit),
700 3004 742 3061 vei
764 3023 799 3060 ex
814 3023 933 3080 persona
954 3007 1051 3078 (veluti
1067 3009 1091 3062 si
1107 3011 1192 3084 magi-

238 3085 339 3133 stratus
354 3075 482 3131 iniuriam
499 3094 595 3150 passus
609 3075 710 3149 fuerit,
732 3078 774 3133 rel
794 3080 817 3133 si
837 3079 959 3134 senatori
980 3081 1016 3136 ab
1037 3079 1137 3137 bumiii
1152 3085 1191 3138 in-

238 3149 308 3204 iuria
339 3149 413 3206 facta
435 3149 489 3218 sit,
517 3159 565 3204 aut
588 3150 696 3222 parenti
719 3162 895 3226 patronoque
919 3153 968 3208 fiat
990 3171 1007 3208 a
1030 3153 1127 3210 iiberis
1155 3157 1193 3212 vei

236 3221 359 3278 libertis:
383 3221 464 3276 aliter
483 3220 555 3276 enim
570 3222 707 3278 senatoris
723 3234 751 3280 et
765 3226 889 3299 parentis
904 3227 1091 3302 patronique,
1114 3228 1192 3284 aliter

237 3295 363 3352 extranei
384 3304 412 3350 et
432 3292 541 3350 humilis·
562 3312 699 3369 personae
715 3296 813 3353 iniuria
828 3298 1025 3375 aestimatur),
1052 3317 1191 3358 nonnum-

236 3386 321 3445 quam
343 3378 371 3424 et
392 3368 469 3424 iocus
489 3367 606 3424 vulneris
628 3377 750 3425 atrocem
770 3371 897 3426 iniuriam
918 3372 987 3428 facit
1011 3372 1109 3450 (veluti
1125 3374 1190 3429 siin

232 3443 318 3506 oculo
338 3442 399 3519 quis
420 3459 567 3518 percursus
581 3440 684 3518 sit¹));
705 3444 782 3518 parri
799 3455 891 3500 autem
909 3444 1011 3518 refert,
1033 3457 1124 3502 utrum
1140 3465 1191 3522 pa-

241 3587 242 3592 ’
292 3583 317 3634 h)
331 3589 366 3626 ot.
381 3601 407 3614 -
437 3580 592 3636 manutium.
607 3605 634 3618 ·-
663 3583 689 3635 it)
704 3595 727 3636 p.
740 3582 829 3641 fusim
843 3585 973 3643 percussit5
986 3587 1136 3639 rameru.

263 3671 288 3723 6)
304 3668 396 3714 Gellius
409 3671 464 3726 XX,
483 3673 503 3716 t.
532 3672 560 3716 D.
581 3673 604 3716 b.
624 3673 641 3718 i.
660 3673 695 3716 15.
730 3678 834 3717 accusat.
849 3673 954 3734 ΧΙΝΙΙΙ,
971 3675 993 3718 2.
1008 3676 1024 3720 1.
1041 3673 1076 3719 tt.
1092 3673 1117 3732 8.
1132 3671 1152 3720 i.

235 3724 262 3780 s.
277 3727 313 3770 so.
329 3725 367 3770 rs.
391 3750 418 3760 -
447 3727 471 3779 a>
484 3727 514 3770 n.
529 3728 551 3770 n.
575 3728 591 3771 1.
605 3729 641 3781 a.;
668 3729 698 3770 ue
