2520 4328
233 333 298 396 llll
339 333 487 392 lnsrrrnr.
516 331 661 402 Banna,
674 349 722 398 pu.
736 349 775 388 ns
789 350 851 390 tur.
864 349 895 390 n.
915 332 971 404 ill,
984 339 1014 390 1.
1035 335 1070 413 ξ.
1086 339 1140 391 tt.
1157 339 1215 391 ttt.

234 483 281 558 q'ni
304 483 332 538 iu
353 481 483 557 adoptiva
500 479 606 536 familia
625 489 704 547 suut,
728 475 846 555 quires)
873 489 938 556 post
962 493 1090 536 mortem
1121 493 1213 536 natu-

233 556 298 613 ralis
324 557 447 632 parentis
469 557 505 610 ab
531 553 662 629 adoptivo
687 564 768 627 patre
786 554 953 629 emancipati
972 554 1103 625 fuerint,
1121 556 1212 612 ¹inte-

235 640 307 686 stato
330 639 447 706 parente
469 628 587 684 naturali
612 637 744 697 mortuo,
771 626 836 682 licet
855 643 890 682 ea
908 637 989 702 parte
1008 629 1124 698 edicti,
1152 649 1212 704 qna

236 705 314 760 liberi
341 705 377 759 ad
404 703 549 758 bonorum
567 701 768 775 possessionem
788 711 934 773 vocantur,
961 721 1018 757 nou
1040 703 1212 758 admittan-

236 791 300 852 tur,
329 777 383 832 ulia
404 787 497 831 tamen
517 786 596 849 parte
616 774 723 845 vocari,
750 772 778 829 id
799 784 840 830 est
860 792 916 850 qua
935 777 1051 850 cognati
1071 776 1213 832 defuncti

236 862 377 908 vocamur.
417 867 452 905 ex
473 867 528 924 qna
547 859 627 924 parte
646 849 684 904 ita
703 847 900 921 admittuntur,
924 848 1061 924 sineque
1083 851 1133 905 sui
1155 851 1214 906 he-

236 925 317 982 redes
333 924 426 994 liberi,
447 941 536 998 neque
555 922 723 997 emancipati
742 923 867 994 obstent,
887 939 980 1010 neque
994 933 1125 998 agnatus
1142 925 1212 1000 qui-

234 999 299 1054 dem
320 997 389 1053 ullus
409 997 589 1054 interveniat:
609 1006 674 1051 ante
694 995 767 1051 enirn
786 1005 902 1070 praetor
920 996 1023 1053 liberos
1038 1007 1131 1053 vocat
1147 1011 1210 1054 tam

234 1092 299 1128 snos
317 1070 443 1142 heredes,
463 1089 546 1146 qnam
561 1071 766 1144 emancipatos,
786 1069 888 1125 deinde
904 1069 1043 1145 legitimos
1056 1071 1207 1143 heredes,

193 1145 337 1202 ttdeinde
364 1146 506 1220 proximos
534 1141 731 1218 cognatos¹⁵).
787 1143 845 1199 Sed
865 1161 901 1198 ea
920 1145 1012 1199 omnia
1034 1147 1207 1220 antiquitati

235 1221 347 1294 quidem
368 1220 547 1292 placuerunt:
567 1218 686 1292 aliquam
707 1227 801 1272 autem
820 1217 1047 1274 emendationem
1063 1237 1083 1274 a
1105 1233 1207 1276 nostra

235 1294 429 1350 constitutione
453 1303 635 1366 acceperunt,
662 1307 745 1366 quam
773 1307 859 1365 super
882 1290 924 1346 ltis
944 1293 1075 1366 personis
1102 1297 1207 1368 posui-

235 1387 311 1439 mus,
337 1385 409 1442 quae
429 1385 445 1420 a
466 1367 589 1439 patribus
611 1365 666 1418 suis
684 1364 857 1420 naturalibus
878 1365 906 1420 iu
930 1366 1120 1440 adoptionem
1143 1369 1205 1422 aliis

236 1442 346 1497 dantur.
386 1439 541 1494 invenimus
565 1440 668 1494 etenim
693 1437 839 1494 nonnullos
860 1456 954 1511 casus,
979 1440 1007 1494 iu
1027 1441 1138 1566 quibus
1154 1441 1204 1494 filii

235 1525 263 1571 et
289 1513 455 1570 naturalium
481 1525 626 1585 parentum
647 1513 848 1568 successionem
873 1525 1024 1586 proptera
1049 1515 1202 1588 optionem

235 1589 420 1657 amittebant,
444 1597 472 1641 et
487 1585 638 1660 adoptione
657 1585 738 1641 facile
758 1603 809 1660 per
823 1587 1077 1662 emancipationem
1098 1591 1202 1656 solnta,
1257 1641 1258 1644 ,

236 1661 271 1717 ad
299 1662 422 1716 neutrius
452 1660 538 1735 patris
562 1660 763 1715 successionem
796 1661 974 1716 vocabantur.
1021 1661 1086 1716 Hoc
1119 1664 1202 1717 solito

237 1753 312 1790 more
330 1735 515 1806 corrigentes,
534 1733 756 1804 constitutionem
776 1734 949 1806 scripsimus,
971 1751 1023 1810 pet
1040 1753 1132 1808 quarn
1149 1737 1202 1791 de-

234 1808 388 1875 linivimus,
407 1809 520 1885 quando
539 1825 641 1883 parens
655 1806 787 1862 naturalis
801 1807 886 1862 lilium
904 1825 983 1863 suum
999 1808 1200 1883 adoptandum

234 1883 279 1938 alii
307 1881 432 1954 dederit,
461 1884 571 1956 integra
597 1881 690 1936 omnia
715 1881 776 1936 iura
797 1882 836 1936 ita
855 1881 976 1953 serrati,
1002 1893 1090 1956 atque
1122 1885 1145 1937 si
1172 1886 1201 1937 in

234 1959 320 2034 petris
341 1957 472 2013 naturalis
491 1965 630 2031 potestate
648 1955 860 2029 permansisset,
879 1972 933 2011 nec
948 1955 1061 2030 penitus
1077 1957 1201 2032 adoptio

233 2034 317 2089 suerit
339 2033 502 2100 subsecuta3
529 2029 580 2084 uisi
605 2029 633 2082 in
659 2028 712 2084 hoc
732 2028 924 2084 tantummodo
946 2047 1027 2100 casu,
1057 2041 1088 2084 ut
1112 2032 1201 2103 possit

235 2107 271 2162 ab
293 2107 423 2162 intestato
443 2104 480 2159 ad
498 2102 584 2178 patris
604 2101 729 2176 adoptivi
749 2101 842 2158 venire
861 2103 1075 2160 successionem.
1109 2115 1201 2160 testa-

234 2190 329 2236 mento
355 2189 447 2234 autern
467 2178 502 2234 ab
527 2195 562 2232 eo
582 2174 656 2232 sacto
666 2216 676 2244 ,
695 2193 787 2250 neque
807 2177 865 2231 iure
884 2176 970 2247 civili,
995 2195 1089 2252 neque
1113 2197 1200 2253 prae-

235 2255 324 2323 torio,
353 2250 456 2326 aliquid
483 2268 518 2306 ex
543 2248 698 2306 hereditate
721 2252 781 2305 eius
805 2251 935 2325 persequi
959 2259 1069 2324 potest,
1104 2271 1201 2326 neqvve

235 2337 331 2384 contra
345 2325 454 2380 tabulas
469 2324 604 2379 bonorum
622 2323 796 2398 possessione
811 2325 905 2397 agnita
913 2365 923 2392 ,
941 2341 1032 2397 neque
1047 2324 1199 2380 inofficiosi

236 2399 349 2475 querela
369 2399 513 2469 instituta,
535 2417 596 2454 cum
615 2415 669 2453 uec
688 2397 836 2452 necessitas
855 2398 927 2472 patri
946 2396 1080 2471 adoptivo
1101 2399 1200 2474 impo-

159 2493 161 2497 ’
236 2475 326 2540 nitur,
347 2472 388 2528 vel
408 2471 539 2528 heredem
559 2490 622 2528 eum
637 2471 796 2540 instituere,
815 2471 856 2525 vel
870 2470 1073 2527 exheredatum
1088 2471 1199 2541 facere,

236 2557 334 2620 utpote
356 2546 431 2601 nullo
451 2546 570 2602 naturali
590 2545 697 2600 vinculo
715 2545 884 2618 copulatum.
923 2561 1015 2620 neque
1034 2546 1058 2600 si
1079 2561 1119 2601 ex
1140 2546 1198 2602 Sa-

237 2621 349 2676 biniano
367 2619 604 2676 senatusconsulto
617 2614 658 2692 ¹⁶)
680 2635 715 2674 ex
735 2619 822 2673 tribus
837 2618 958 2674 maribus
971 2618 1056 2674 suerit
1070 2619 1198 2695 adopta-

236 2704 295 2752 tus:
322 2711 385 2748 nam
412 2704 440 2750 et
465 2693 492 2748 in
520 2693 678 2749 huiusmodi
697 2709 761 2747 casu
781 2709 872 2766 neque
892 2703 991 2768 quarta
1010 2693 1037 2748 ei
1056 2705 1197 2764 servatur,

236 2786 288 2824 nec
313 2767 368 2822 ulla
394 2768 465 2824 actio
492 2767 527 2823 ad
548 2768 607 2822 eius
627 2766 847 2840 persecutionem
868 2766 894 2821 ei
915 2767 1058 2841 competit.
1096 2781 1198 2823 nostra

235 2853 328 2898 antem
349 2842 542 2897 constitutione
562 2850 695 2914 exceptus
714 2849 755 2894 est
774 2839 814 2910 is,
834 2857 916 2914 quem
937 2857 1039 2914 parens
1058 2842 1199 2897 naturalis

235 2916 426 2989 adoptandum
447 2915 614 2989 susceperit:
643 2923 760 2987 utroque
786 2913 858 2968 enim
887 2913 963 2982 iure,
990 2925 1047 2969 tarn
1073 2916 1195 2970 naturali

235 3007 317 3064 quam
345 2989 483 3064 legitimo,
517 2989 545 3043 in
571 2988 644 3044 hanc
669 3003 817 3060 personam
842 2998 1046 3059 concurrente,
1074 2990 1195 3063 pristina

236 3065 295 3118 iura
313 3063 360 3117 tsli
379 3063 531 3137 adoptione
542 3058 570 3135 ¹)
594 3061 778 3128 servavimus,
797 3061 1033 3135 quemadmodum
1050 3061 1075 3116 si
1089 3072 1195 3134 qater-

234 3135 352 3192 l'amilias
371 3155 432 3193 sese
457 3134 566 3191 dederit
585 3133 780 3208 arrogandum.
819 3153 891 3208 quae
910 3134 1069 3209 specialiter
1087 3147 1116 3190 et
1136 3138 1195 3191 sin·

234 3210 347 3286 gillatim
365 3229 400 3266 ex
421 3208 567 3284 praefatae
584 3207 784 3262 constitutionis
799 3218 895 3264 tenore
909 3219 1024 3282 possunt
1037 3209 1132 3283 colligi
1145 3215 1195 3280 ¹⁷).

193 3295 223 3340 to
293 3281 414 3355 ¹⁸litent
436 3291 572 3349 vetustas,
596 3299 630 3336 ex
651 3281 777 3336 masculis
796 3284 956 3356 progenitos
976 3282 1038 3356 plus
1057 3283 1191 3357 diligens,

233 3359 306 3416 solos
332 3366 449 3433 nepotes
469 3355 510 3410 vel
532 3364 648 3429 neptes,
675 3355 721 3428 qui
741 3353 878 3429 quaevei)
907 3373 941 3412 ex
963 3356 1031 3410 virili
1049 3373 1120 3412 sexu
1141 3358 1193 3412 de*

233 3432 380 3498 scendunt,
399 3430 434 3484 ad
453 3446 565 3484 snorum
587 3429 704 3485 vocabat
718 3430 930 3497 successionem,
948 3431 1037 3488 etiuri
1057 3426 1081 3502 Ι)
1102 3449 1193 3505 agna-

289 3575 312 3626 g)
328 3572 373 3626 qut.
389 3595 416 3605 -
445 3573 469 3624 lt)
485 3572 610 3624 anuntiant.
627 3592 654 3604 -
683 3569 700 3624 i)
717 3569 762 3612 slei.
776 3572 813 3614 vet
826 3574 918 3627 neptes,
934 3581 1026 3626 waere.
1041 3593 1070 3604 -
1092 3574 1118 3625 lt)
1133 3576 1190 3616 atre.

262 3681 301 3729 tol
316 3681 345 3722 1).
359 3681 422 3723 unde
440 3691 507 3733 cogn.
523 3680 654 3734 xxxviii,
671 3681 693 3723 8.
727 3681 765 3722 at.
780 3679 788 3720 l
804 3679 841 3723 ee.
857 3681 962 3732 Theona.
977 3681 999 3722 lt.
1016 3701 1044 3712 -
1066 3682 1108 3734 17)
1121 3681 1147 3725 c.
1160 3683 1190 3724 tte

233 3734 520 3788 11911111-
552 3737 587 3785 16)
603 3739 695 3778 Seneca
728 3735 945 3786 stomomate.
966 3735 1080 3780 r.ttt.-
1112 3737 1188 3790 tiltc.

234 3794 340 3835 controv.
362 3793 397 3844 11,
419 3794 439 3835 t.
469 3792 495 3836 C.
515 3792 545 3834 tte
565 3792 642 3834 decor.
664 3794 692 3846 Χ,
729 3793 771 3836 t'lr.
788 3793 810 3834 lt.
828 3794 900 3836 tto.
910 3793 931 3837 6.
948 3795 973 3838 C.
983 3795 998 3835 l.
1008 3795 1029 3834 lt.
1044 3794 1121 3837 tras.
1139 3794 1186 3838 ,tt
