2548 4342
110 383 262 444 luemrnr.
297 381 345 440 Dr.
360 399 548 440 amnicorum.
567 399 682 441 unann.
703 381 742 451 ll,
759 385 809 438 25.
834 379 865 461 5.
878 387 907 438 o.
922 389 949 440 7.
1004 383 1063 443 lttl

109 531 176 586 dem
202 541 231 586 et
255 531 416 606 partiariurn
442 530 603 603 legatarium
624 530 777 603 interponi,
804 531 919 588 eaedem
940 532 1065 606 interpo-

112 605 251 660 nebantur
271 606 443 674 intersum,
469 604 516 677 qui
543 622 578 659 ex
597 603 808 660 fideicommissa
826 605 931 678 recepit
952 605 1065 662 beredi-

112 677 245 749 ditatem,
281 689 309 733 et
335 677 488 748 heredem,
515 677 542 731 id
571 687 612 732 est
638 687 667 730 ut
693 688 722 732 et
747 678 851 734 lucrum
879 680 1066 754 damnumque

111 751 311 806 hereditarium
331 769 381 824 pro
396 759 456 804 rata
470 760 550 825 parte
564 750 637 806 inter
651 768 698 805 eos
712 768 857 808 commune
872 753 906 806 sit
916 756 952 823 ⁷).
989 753 1096 827 Erg06

111 825 135 878 si
162 824 274 899 quidem
301 843 355 880 nou
383 823 443 897 plus
468 842 552 899 quam
578 823 742 879 dodrantem
769 825 929 881 hereditatis
949 827 1066 901 scriptus

112 898 194 953 lieres
219 908 333 972 rogatus
356 898 390 952 sit
409 900 574 968 restituere,
602 908 667 952 tunc
686 916 721 952 ex
741 899 919 954 Trebelliano
938 910 1067 956 senatus-

113 970 240 1026 consulto
268 972 463 1027 restituebatur
487 971 644 1038 hereditas,
671 980 699 1025 et
722 971 751 1026 in
778 983 867 1027 utrum
889 991 924 1028 ue
943 974 1065 1028 actiones

112 1044 300 1100 hereditariae
318 1063 370 1130 pro
392 1055 452 1100 rata
471 1056 551 1119 parte
570 1044 724 1101 dabantur:
755 1046 782 1100 iu
802 990 933 1102 heredem
954 1048 1065 1122 quidem

112 1118 171 1174 iure
199 1119 288 1190 cirili3
316 1137 343 1172 m
370 1135 433 1172 eum
457 1137 542 1190 sero,
569 1117 615 1192 qni
635 1117 785 1190 recipiebat
805 1118 1005 1190 hereditatem,
1032 1137 1068 1176 ex

113 1191 351 1247 senatusconsulto
370 1191 550 1246 Trebelliano
576 1202 716 1266 tamquam
741 1193 769 1246 in
795 1192 938 1248 heredem.
983 1197 1018 1248 At
1046 1195 1068 1248 si

113 1263 174 1337 plus
194 1283 278 1340 quam
296 1265 477 1335 dodrantem,
498 1265 540 1320 rel
556 1265 639 1318 etiarn
658 1273 744 1319 totam
766 1266 965 1338 hereditatem,
987 1267 1068 1321 resti-

113 1350 191 1394 tuere
210 1347 324 1411 rogatus
343 1338 400 1408 sit,
421 1339 496 1393 locus
516 1347 577 1394 erat
591 1335 746 1410 Pegasiano
763 1339 1020 1409 senatusconsulto,
1041 1349 1069 1394 et

113 1411 211 1479 heres,
240 1411 288 1486 qui
312 1412 396 1466 semel
417 1412 516 1466 adierit
533 1410 730 1482 hereditatem,
758 1412 880 1467 simodo
900 1430 950 1471 sua
970 1413 1069 1468 volun-

114 1496 169 1540 tate
192 1485 309 1554 adierit,
336 1485 392 1540 sive
418 1485 560 1541 retinuerit
579 1493 704 1558 quartam
725 1494 849 1558 partem,
874 1486 931 1540 sive
949 1487 1068 1541 uoluerit

114 1558 250 1628 retinere,
278 1557 338 1630 ipse
363 1557 491 1614 universa
516 1575 602 1612 onera
627 1556 794 1614 hereditaria
822 1560 981 1616 sustinebat.
1017 1559 1066 1614 sed

114 1642 212 1704 quarta
237 1631 349 1706 quidem
375 1640 500 1702 retenta,
529 1631 607 1704 quasi
631 1633 717 1704 partis
735 1642 763 1687 et
780 1652 831 1707 pro
851 1646 931 1708 parte
950 1633 1067 1710 stipula-

114 1705 202 1760 tiones
221 1705 487 1779 interponebantur,
513 1714 653 1778 tamquam
679 1705 751 1759 inter
774 1708 935 1780 partiarium
960 1709 1067 1782 legata-

114 1778 182 1832 rium
211 1788 240 1834 et
267 1777 415 1850 heredem3
448 1779 470 1832 si
496 1795 560 1832 vern
586 1787 672 1832 totam
699 1778 881 1836 hereditatem
908 1783 1067 1852 restituerit,

115 1860 225 1925 emptae
247 1860 275 1906 et
295 1851 421 1907 venditae
435 1850 597 1907 hereditatis
609 1850 799 1925 stipulationes
812 1854 1068 1928 interponebantur.

114 1924 162 1980 sed
183 1925 206 1980 si
226 1936 334 1981 recuset
350 1926 467 1999 scriptus
481 1923 562 1980 heres
577 1922 655 1980 adire
674 1924 866 1998 hereditatem,
886 1929 922 1982 ob
939 1929 978 1999 id,
994 1929 1068 2003 quod

114 1997 206 2066 dicat,
233 2014 296 2054 eam
321 1999 372 2053 sibi
390 2008 545 2073 suspectam
567 2014 627 2054 esse
647 1999 725 2072 quasi
747 1999 930 2072 damnosam,
957 2013 1070 2056 cavetur

115 2069 269 2144 Pegasiano
291 2072 550 2140 senatusconsulto,
579 2082 622 2143 ut,
649 2071 826 2129 desiderante
845 2092 897 2144 eo,
926 2075 970 2129 cui
988 2075 1069 2130 resti-

115 2153 191 2201 tuere
211 2155 327 2219 rogatus
346 2154 403 2216 est,
430 2146 502 2200 iussu
522 2145 658 2219 praetoris
676 2145 775 2214 adeat,
795 2158 823 2202 et
843 2147 967 2202 restituat
985 2148 1070 2202 here-

115 2218 227 2274 ditatem
236 2256 249 2290 ,
268 2219 440 2294 perindeque
458 2220 484 2274 ei
504 2229 532 2274 et
551 2219 579 2273 in
596 2236 675 2290 eum,
695 2221 741 2292 qui
757 2221 862 2294 recepit
876 2221 1068 2296 hereditatem,

115 2292 236 2350 actiones
264 2293 380 2360 dentur,
405 2292 462 2347 acsi
487 2291 552 2346 iuris
572 2302 614 2347 est
635 2309 671 2347 ex
691 2293 870 2349 Trebelliano
889 2305 1070 2350 senatuscon-

115 2365 201 2423 sulto:
230 2385 286 2441 quo
305 2384 369 2422 casu
391 2365 469 2420 nullis
489 2365 710 2439 stipulationibus
730 2385 799 2442 opus
819 2379 880 2439 est,
905 2369 969 2442 quia
989 2369 1069 2423 simul

116 2449 143 2491 et
167 2439 247 2510 ltuic,
274 2441 322 2515 qui
341 2440 475 2509 restituit,
503 2439 635 2494 securitas
654 2439 750 2509 datur,
770 2452 799 2495 et
817 2444 937 2497 actiones
957 2441 1069 2497 heredi-

116 2512 201 2568 tariae
221 2514 249 2568 ei
268 2526 295 2570 et
314 2513 341 2567 in
363 2531 426 2568 eum
446 2510 665 2580 transferuntur,
686 2515 733 2588 qui
752 2516 857 2589 recepit
875 2515 1067 2582 hereditatem,

116 2595 233 2662 utroque
254 2586 491 2642 senatusconsulto
510 2586 537 2640 in
558 2585 611 2641 hac
630 2589 723 2660 specie
743 2591 971 2657 concurrente⁸).
1010 2589 1094 2644 Sedr

115 2659 178 2730 quia
196 2659 388 2734 stipulationes
409 2677 444 2715 ex
462 2660 699 2716 senatusconsulto
720 2657 876 2734 Pegasiano
895 2662 1068 2718 descendens

115 2742 156 2784 tes
181 2743 208 2788 et
234 2735 286 2808 ipsi
308 2733 464 2808 antiquitati
485 2733 698 2806 displicuerunt,
725 2745 752 2790 et
773 2735 936 2809 quibusdam
960 2737 1068 2792 casibus

115 2807 253 2878 captiosas
278 2825 326 2863 eas
351 2807 433 2862 bomo
460 2807 560 2862 excelsi
578 2807 681 2879 ingenii
696 2807 865 2881 Papinianus
882 2807 1021 2882 appellat,
1040 2821 1068 2862 et

118 2879 193 2934 nohis
212 2883 240 2935 in
266 2882 372 2954 legibus
388 2880 477 2954 magis
494 2878 668 2954 simplicitas,
694 2898 776 2956 quam
797 2879 941 2936 difficultas
961 2880 1066 2954 placet,

117 2951 178 3006 ideo
207 2955 334 3010 omuibus
359 2953 438 3008 nobis
464 2953 598 3026 suggestis
630 2963 685 3008 tam
712 2954 948 3024 similitudinibus,
984 2973 1066 3030 quam

117 3022 277 3083 differentiis
297 3027 439 3102 utriusque
457 3028 706 3096 senatusconsulti,
736 3027 856 3102 placuit,
882 3029 998 3103 exploso
1022 3048 1068 3083 se-

118 3101 320 3157 natusconsulto
338 3100 510 3173 Pegasiano,
538 3101 612 3174 quod
640 3109 737 3174 postea
756 3103 931 3176 supervenit,
958 3121 1067 3158 omnem

118 3176 307 3230 auctoritatem
327 3174 507 3230 Trebelliano
534 3176 770 3240 senatusconsulto
797 3186 955 3250 praestare,
982 3187 1011 3230 ut
1032 3195 1068 3232 ex

118 3261 151 3298 eo
175 3247 445 3304 fideicommissariae
469 3247 637 3304 hereditates
663 3250 857 3321 restituantur,
887 3251 943 3316 sire
966 3249 1069 3304 habeat

118 3316 196 3376 heres
216 3341 250 3377 ex
272 3321 412 3377 voluntate
430 3323 569 3376 testatoris
587 3332 730 3396 quartam,
757 3323 813 3378 sive
834 3323 912 3397 plus,
939 3324 995 3378 sive
1014 3325 1067 3376 rni-

120 3407 183 3463 nus,
211 3397 267 3452 sire
291 3397 401 3470 penitus
429 3395 516 3463 nihil,
552 3404 581 3450 ut
606 3405 687 3463 tunc,
733 3397 824 3452 nando
849 3397 891 3451 vel
916 3395 1001 3466 nihil,
1026 3397 1067 3450 vel

120 3463 204 3522 minus
249 3480 346 3524 uartae
373 3468 449 3542 apud
475 3486 537 3524 enm
555 3481 696 3537 remanet,
712 3415 803 3524 liceat
824 3471 850 3523 ei
870 3469 911 3524 vei
931 3480 1067 3544 quartam,

121 3536 160 3591 rel
175 3488 249 3614 quoa
268 3541 363 3616 deest,
385 3560 421 3598 ex
438 3553 532 3597 nostra
548 3544 711 3598 auctoritate
727 3543 863 3614 retinere,
885 3542 927 3598 vel
940 3554 1068 3616 repetere

122 3681 330 3696 Μ

146 3762 168 3812 7)
183 3764 229 3811 Cic.
250 3777 273 3819 p.
295 3767 404 3812 cluentio
426 3767 447 3812 7.
482 3765 576 3818 Ulpian.
610 3765 716 3810 matti.
733 3765 780 3818 §.2
802 3789 829 3801 -
858 3767 882 3817 8)
898 3765 1069 3817 Darioritum

110 3813 204 3879 XXIV,
227 3825 264 3868 26.
293 3825 322 3867 l).
345 3825 374 3867 de
395 3824 483 3878 legatis
503 3822 574 3866 xxx.
611 3831 639 3865 eo
657 3823 718 3879 xlv,
734 3826 756 3865 5.
771 3823 816 3866 ln.
832 3823 998 3878 §.1.·,h.l.t.
1014 3821 1068 3873 sal.
