2566 4344
255 347 317 411 leo
358 347 508 406 lassemur.
532 349 914 417 ltcosn.,ou.sxorrr..1s.
929 344 983 415 iv,
996 350 1024 402 t.
1040 346 1071 427 §·
1082 351 1215 405 tts-ts.

213 513 245 559 so
255 503 350 571 reptos
368 495 518 566 mertun.
557 497 599 552 sti
620 494 818 553 candoetiam
839 509 908 552 sose
921 495 962 550 rei
976 493 1095 569 quisque
1109 491 1216 548 suctum

253 568 419 640 committit,
437 568 531 625 *veluti
556 571 579 627 si
642 571 716 626 bitor
733 587 811 641 rem,
827 566 1072 645 ·qunmcreditori
1090 567 1219 642 pignoris

254 660 339 700 causa
358 642 452 711 dedit,
473 643 642 700 subtraxerit
655 646 708 717 ¹⁶).

214 734 242 778 tt
310 716 454 773 Interdum
479 714 546 772 furti
573 726 698 785 tenetur,
724 715 772 792 qui
798 715 859 789 ipse
884 713 988 770 furtum
1014 731 1072 769 oon
1098 711 1219 773 fecerit:

254 790 343 866 qualis
361 800 421 860 est,
448 789 526 846 cuius
550 794 607 865 ope¹
624 791 693 859 eti)
712 789 827 845 consilio
843 788 948 844 furtum
968 786 1074 843 iactum
1093 796 1149 842 est.
1188 786 1219 840 ln

254 882 311 938 quo
337 879 454 919 numero
480 873 540 931 est,
567 865 614 939 qni
640 864 689 918 tibi
716 881 842 919 nummos
862 862 1000 929 excussit,
1026 869 1058 916 ut
1075 860 1151 915 atius
1169 877 1220 916 eos

254 944 389 1009 raperet,
410 945 459 992 sut
478 935 581 992 obstitit
598 938 664 1009 tibi,
684 948 715 992 ut
730 936 800 992 aiios
817 953 875 991 rem
891 945 967 990 tuam
984 933 1153 1008 exciperet,
1177 933 1221 989 vel

253 1027 322 1067 ores
341 1018 390 1066 aut
410 1010 494 1067 bores
510 1019 573 1066 tuas
582 1007 605 1084 ¹)
626 1011 748 1085 fugavit,
775 1019 806 1065 ut
825 1009 896 1065 aiios
911 1025 962 1066 eas
977 1016 1093 1082 caperet
1103 1009 1165 1077 ²),
1193 1017 1220 1063 et

254 1083 310 1139 hoc
332 1092 440 1140 veteres
457 1084 635 1159 ¹scripserunt
660 1084 697 1140 de
722 1101 776 1151 eo,
802 1083 850 1158 qui
874 1099 971 1158 panno
997 1082 1082 1137 rubro
1108 1078 1220 1154 fugarit

253 1167 420 1214 armentum.
458 1157 517 1214 Sed
534 1158 557 1214 si
576 1157 642 1233 quid
661 1175 758 1213 eorum
772 1175 831 1286 per
851 1155 1005 1226 lasciviam,
1025 1163 1054 1211 et
1070 1171 1133 1210 non
1154 1153 1219 1210 dots

255 1249 361 1305 opera,
379 1241 409 1286 ut
426 1230 530 1287 furtum
544 1231 754 1298 admitteretur,
785 1240 876 1286 sctum
897 1239 960 1302 est,
979 1231 1009 1284 in
1023 1227 1132 1284 sactum
1148 1229 1219 1283 actio

253 1305 315 1359 dori
341 1303 492 1374 debean).
536 1307 572 1360 At
598 1306 644 1362 ubi
670 1322 726 1379 ope
742 1303 842 1359 Maerii
864 1303 957 1359 Titius
976 1302 1083 1358 furtum
1101 1300 1217 1370 fecerit,

253 1377 338 1434 ambo
365 1377 433 1434 furti
460 1386 598 1434 tenentur.
651 1376 717 1453 Ope
743 1377 856 1434 consilio
885 1377 946 1432 eius
973 1393 1085 1452 quoque
1113 1374 1218 1430 fuctum

254 1450 364 1508 admitti
389 1449 514 1522 videtur,
539 1451 587 1526 qui
612 1451 701 1507 ecsiae
725 1450 797 1507 sorte
817 1450 945 1507 fenestris
969 1447 1143 1524 supposuit,
1173 1459 1217 1504 aut

254 1526 330 1599 ipsas
347 1523 486 1579 fenestras
504 1523 548 1579 vei
566 1523 666 1579 ostium
687 1523 812 1596 effregit,
833 1534 863 1580 ut
882 1523 951 1580 aiios
969 1523 1075 1580 furtum
1093 1521 1216 1590 faceret,

255 1597 338 1670 quire
355 1594 527 1652 ferramenta
549 1596 585 1652 ad
605 1595 826 1672 effringendum,
845 1607 893 1653 aot
911 1597 1016 1667 scains,
1038 1606 1069 1652 ut
1086 1594 1217 1651 fenestris

255 1679 497 1742 supponerentur,
517 1671 753 1739 commodaverit,
779 1672 868 1727 sciens
884 1671 961 1726 cuius
980 1671 1070 1745 gratia
1090 1687 1217 1724 commo·

212 1757 263 1809 (tt)
276 1742 392 1800 daverit.
412 1743 497 1800 Certe
516 1745 564 1819 qui
581 1745 684 1801 uuiiam
706 1748 857 1817 operams)
878 1745 913 1800 ad
932 1744 1036 1800 furtum
1055 1742 1217 1799 iaciendum

257 1815 398 1884 adhibuit,
422 1817 473 1873 sed
500 1825 607 1873 tantum
631 1818 773 1874 consitium
796 1817 890 1886 dedit,
917 1829 1001 1894 atque
1026 1815 1160 1872 hortatus
1180 1823 1217 1872 est

215 1901 304 1952 rsus)
324 1889 360 1947 ad
380 1890 485 1946 furtum
507 1890 687 1963 faciendum,
709 1909 765 1946 non
785 1899 896 1948 tenetur
913 1887 1044 1964 surti¹’).
1095 1889 1154 1963 Hi,
1195 1890 1217 1944 oi

256 1965 283 2020 in
304 1975 451 2038 parentum
466 1963 509 2020 rei
528 1964 704 2020 dominorum
725 1975 865 2039 potestate
883 1974 962 2038 sunt,
982 1964 1004 2018 si
1019 1981 1079 2019 rem
1094 1964 1139 2020 eis
1154 1909 1218 2020 nie

255 2039 379 2112 cipiunt,
407 2037 512 2094 furtum
542 2038 655 2113 quidem
681 2037 733 2093 iilis
758 2037 882 2106 iaciunt,
909 2047 939 2094 et
962 2055 1008 2093 res
1031 2037 1061 2092 in
1086 2035 1217 2093 furtivam

256 2129 367 2168 causam
384 2111 459 2168 cadit
479 2113 546 2182 (nec
566 2112 603 2167 ob
623 2112 652 2167 id
672 2113 708 2167 ab
729 2111 783 2168 olio
804 2113 918 2186 usocapi
937 2119 1045 2186 potest,
1065 2119 1217 2186 antequam

255 2186 284 2240 in
304 2185 408 2240 domini
428 2193 596 2260 potestatem
616 2183 808 2261 revertatur),
836 2184 885 2242 sed
911 2184 977 2241 t'urti
996 2185 1068 2240 cotio
1088 2201 1148 2240 oon
1170 2202 1218 2240 oo-

255 2259 357 2331 scitur,
384 2259 450 2334 quia
476 2276 528 2315 nec
551 2277 587 2315 ex
614 2260 669 2315 alia
692 2258 746 2314 ulle
766 2275 850 2314 causa
871 2267 964 2330 potest
981 2258 1054 2314 inter
1073 2275 1125 2313 eos
1149 2260 1216 2314 actio

210 2342 262 2396 (tt)
276 2332 368 2390 nasci:
396 2333 419 2386 si
442 2350 508 2387 vero
534 2351 589 2408 ope
615 2333 728 2388 consilio
747 2333 859 2388 alterius
878 2332 982 2388 furtum
1000 2329 1107 2386 sactum
1124 2331 1217 2398 suerit,

256 2405 439 2479 quiasutiqoc
456 2405 561 2461 furtum
582 2406 781 2476 committitur,
805 2407 1002 2462 convenienter
1020 2405 1065 2460 iile
1086 2404 1158 2460 furti
1176 2416 1217 2460 te-

255 2477 451 2618 netur3)qoia
479 2495 574 2533 rerum
602 2489 659 2552 est,
688 2497 743 2554 ope
767 2480 880 2536 consilio
906 2481 965 2536 eius
990 2478 1095 2534 furtum
1113 2477 1216 2534 factum

257 2555 338 2605 esse¹
374 2589 381 2605 .

216 2633 302 2684 taur)
344 2621 474 2696 ¹⁹)Furti
492 2633 584 2680 autem
606 2625 677 2680 actio
697 2626 724 2680 ei
742 2625 891 2700 competit,
911 2625 988 2680 cuius
1007 2624 1140 2696 interest,
1162 2643 1216 2680 reru

255 2695 360 2752 solvam
386 2713 464 2768 esse,
493 2696 557 2753 iicet
583 2697 711 2754 dominus
738 2717 793 2754 non
818 2699 869 2769 sit,
904 2699 1000 2773 itaque
1026 2717 1078 2754 nec
1104 2697 1217 2755 domino

256 2771 337 2828 aiiter
366 2771 514 2846 competit,
548 2789 631 2847 quam
658 2773 681 2826 si
707 2773 766 2828 eius
790 2771 912 2843 intersit,
947 2789 1005 2827 rem
1031 2789 1088 2827 non
1116 2773 1217 2844 perire.

215 2850 306 2906 stite>
333 2843 418 2902 Urrde
441 2855 567 2917 constat,
594 2844 760 2902 creditorem
787 2845 823 2902 de
849 2846 967 2920 pignore
992 2847 1128 2920 subrepto
1154 2846 1217 2901 furti

256 2935 341 2991 agere
363 2937 461 2992 posse,
481 2919 589 2975 etiamsi
607 2919 740 2975 idoneum
760 2919 914 2976 debitorem
936 2917 1061 2990 habeat,
1082 2920 1151 2993 quia
1169 2937 1218 2976 ex-

257 2990 335 3063 pedit
362 2993 405 3064 ei,
439 2993 550 3068 pignori
576 2993 668 3066 potius
693 2993 869 3064 incumbere,
902 3009 986 3066 qoam
1012 2993 1040 3046 irr
1066 3009 1217 3065 personam

258 3079 359 3135 ogere:
385 3064 456 3120 adeo
482 3064 611 3138 quidem,
638 3075 684 3137 nt,
710 3067 834 3141 quamvis
859 3067 920 3141 ipse
939 3064 1050 3122 debitor
1068 3083 1133 3122 cam
1161 3083 1218 3122 rem

257 3135 333 3192 subri
355 3138 445 3208 uerit,
486 3138 662 3194 nihilominus
701 3139 831 3196 creditori
868 3140 1002 3214 competit
1034 3139 1108 3194 actio
1142 3139 1217 3196 sorti.

215 3216 306 3270 tritt)
332 3153 402 3264 item
427 3210 450 3265 si
473 3208 541 3267 tuito
562 3211 694 3286 potienda
715 3212 889 3281 consudare,
916 3222 964 3268 aut
982 3213 1139 3268 sarcinator
1158 3231 1220 3268 sar-

312 3383 405 3437 ktttei.
421 3387 450 3431 et.
471 3405 500 3418 -·
526 3387 647 3438 lituusu.
663 3388 699 3442 t.,·
716 3389 806 3431 ..tuos
828 3409 856 3420 -
885 3388 1058 3439 mtecctoeret.
1079 3410 1107 3420 -
1137 3387 1221 3439 ωασ-

254 3441 343 3485 tet·
371 3448 394 3495 o)
410 3451 483 3494 onan.

291 3565 329 3616 td)
348 3566 378 3608 Ι).
396 3566 421 3609 tr.
444 3567 460 3609 1.
478 3565 514 3609 Η.
535 3564 559 3617 S.
579 3567 614 3610 tss.
635 3567 652 3610 1.
667 3567 720 3610 ott».
754 3568 824 3612 tna.
843 3566 938 3622 §.t—
966 3567 1015 3612 ern
1030 3570 1079 3612 nst
1095 3569 1161 3612 deor.
1177 3572 1221 3620 111,

266 3621 323 3662 ‚ite
346 3643 374 3652 —
404 3621 610 3671 terminiis.
631 3623 719 3676 Η..
753 3622 792 3667 no.
814 3645 842 3655 -
879 3624 915 3674 t8)
935 3624 965 3667 Ι).
985 3625 1009 3668 tr.
1031 3626 1047 3668 1.
1063 3625 1100 3669 16.
1124 3625 1159 3668 t't.
1181 3625 1221 3669 ὅ.

267 3675 324 3719 .so.
366 3679 409 3720 .t.
432 3678 449 3720 1.
464 3677 502 3720 66.
524 3687 557 3730 pr.
580 3699 608 3709 ·-
638 3678 719 3727 ΠΗ),
754 3679 777 3732 s.
795 3682 815 3722 t.
838 3681 854 3721 1.
868 3679 906 3722 ot.
928 3691 964 3732 pr.
986 3681 1010 3734 s.
1030 3684 1048 3724 t.
1069 3680 1171 3724 s...n.
1194 3703 1223 3713 -

265 3742 279 3773 r.
295 3733 311 3772 t.
380 3733 418 3775 ott.
440 3732 464 3785 s.
483 3735 542 3775 t...
562 3733 634 3776 1.δί
656 3734 680 3787 s.
697 3735 717 3776 t.
756 3733 1221 3790 re)corrar.regg.nsor.er1tom.x‚

268 3815 272 3826 .
384 3814 403 3838 .,
434 3799 448 3830 e

346 3677 363 3728 S

281 3732 401 3839 ss.⁸s{⁴.'s·
419 3787 431 3829 a
463 3787 529 3830 vem
544 3785 622 3840 argon.
637 3789 666 3844 n,
682 3787 718 3833 ro.
754 3790 776 3833 s.
791 3791 820 3833 n.
835 3793 858 3833 o.
873 3793 890 3835 r.
908 3791 943 3836 ro.
968 3795 1018 3836 aa.
1038 3793 1064 3836 c.
1081 3794 1103 3835 n.
1120 3794 1135 3834 r.
1151 3794 1193 3838 ξε.
