2516 4328
61 301 230 369 deterreor.
244 298 303 358 -Dn
316 316 493 370 Nonniacus
504 316 626 360 norton.
640 301 694 371 ll',
705 306 736 360 8.
754 299 805 361 Pr.
820 299 851 382 ξ.
863 307 890 360 1.
904 305 934 361 2.
978 298 1043 366 183

62 449 150 505 satio
177 448 311 519 babetur,
337 456 366 503 at
390 446 417 502 in
446 447 592 504 tributoria
618 449 677 504 eius
696 458 820 519 tantum,
846 448 962 579 quoda?
989 467 1043 508 nea·

56 524 223 598 gotiatur,
250 533 278 578 et
304 531 396 595 potest
422 522 539 596 quisque
567 522 649 577 tertia
673 521 746 584 sorte
773 532 852 596 parte
873 523 974 597 peculi
992 534 1042 581 aut

64 608 179 672 quarta
200 595 241 652 rel
263 595 347 650 etiarn
366 593 478 650 minima
500 595 653 670 negotiari,
673 595 806 650 malorem
822 607 915 650 autem
931 608 1039 670 partem

70 671 106 726 in
126 668 249 744 praediis
268 676 297 724 et
317 666 477 738 mancipiis,
497 679 546 724 aut
561 667 670 723 fenebri
686 668 806 742 pecunia
821 668 936 726 babere.
956 679 1040 746 prout

63 761 148 818 ergo
165 761 198 798 ex
222 741 296 812 edit,
324 741 362 796 ita
383 741 500 816 quisque
521 740 563 796 rel
583 742 655 797 lrnnc
673 743 810 798 actionem
832 742 875 797 vel
894 741 968 798 illam
987 743 1041 798 eli.

72 835 148 892 gere
167 761 270 872 dellet:
293 825 384 883 certe,
403 814 449 888 qui
469 825 562 889 potest
581 815 718 888 probare,
737 816 765 870 i'n
784 831 842 871 rern
857 816 961 872 domini
976 833 1040 874 ver·-

64 909 139 946 eum
159 906 236 960 esse,
254 887 290 943 de
308 889 337 942 in
355 905 414 942 rem
435 903 514 943 verso
533 905 618 975 agere
637 888 722 943 debet
733 887 770 962 ⁷).
818 887 901 956 Quae
920 889 1070 949 diximusss

67 964 116 1020 de
136 980 216 1018 servo
236 972 263 1017 et
283 960 421 1029 domino,
441 960 540 1016 eadem
558 961 743 1034 intellegimus
761 971 790 1018 et
808 962 845 1017 de
864 962 921 1018 filio
938 972 967 1019 et
983 961 1042 1019 filia

64 1046 128 1092 aut
153 1044 257 1109 nepote
283 1043 312 1090 et
339 1045 439 1106 nepte,
468 1045 497 1090 et
523 1044 611 1108 patre·
631 1052 733 1106 uvore,
761 1034 838 1090 cuiue
857 1035 885 1090 in
903 1045 1042 1108 potestate

68 1120 151 1166 sunt.
189 1108 256 1164 illud
273 1107 387 1182 proprie
406 1108 577 1164 servatoria
598 1125 694 1165 eorum
711 1125 849 1181 persona,
866 1108 942 1184 quod
957 1119 1070 1165 sena-t

74 1182 279 1238 tusconsultum
309 1179 541 1236 Macedonianum
568 1181 731 1256 prohibuit,
768 1193 878 1237 mutuas
907 1182 1042 1256 pecunias

74 1256 141 1312 dari
160 1257 218 1326 eiu,
238 1254 285 1329 qui
306 1254 334 1308 iu
355 1255 478 1328 parentia
497 1264 584 1310 erunt.
598 1265 754 1328 potestate3
775 1256 864 1323 etei,
883 1255 930 1329 qui
948 1255 1042 1314 credi-

74 1330 184 1399 derit,
198 1329 356 1400 denegatur
374 1327 463 1395 actio,
481 1337 538 1382 tam
556 1327 688 1384 adversus
708 1328 797 1403 ipsum
814 1327 900 1384 filium
920 1327 1042 1388 filiamve

71 1413 211 1477 nepotem
231 1411 379 1476 neptemve
399 1398 469 1474 (sive
486 1400 578 1458 adbuc
590 1402 618 1458 in
634 1411 772 1476 potestate
786 1411 860 1472 sunt,
877 1401 934 1458 aire
952 1407 1042 1461 morte

75 1477 203 1551 parentis
229 1475 273 1532 rel
291 1473 515 1548 emancipatione
540 1492 608 1531 suae
634 1477 778 1548 potestatis
796 1491 857 1532 esse
873 1493 923 1531 coe
945 1475 1040 1548 erint),

70 1566 166 1625 quam
184 1548 317 1604 adversus
338 1559 446 1620 patrem
468 1565 603 1616 asumre,
628 1549 686 1603 sire
705 1548 809 1604 lrabeat
830 1566 879 1604 eos
899 1493 992 1604 adbuc
1010 1548 1040 1606 in

69 1633 236 1699 potestate,
253 1622 310 1677 rive
327 1621 553 1693 emancipaverit.
577 1638 650 1695 quae
669 1621 735 1677 ideo
751 1631 863 1678 senatus
879 1622 1040 1698 prespexit,

75 1695 145 1771 quia
164 1713 250 1770 saepe
270 1693 379 1750 onerati
393 1711 459 1749 aere
473 1693 564 1749 alieno
578 1693 745 1750 creditarum
760 1695 951 1769 pecuniarum,
970 1713 1040 1772 quas

72 1772 107 1825 in
122 1769 258 1825 luxuriam
271 1768 480 1839 consumebant,
495 1767 568 1824 ritae
582 1778 728 1842 parentum
742 1768 945 1824 insidiabantur
954 1769 990 1842 ⁸).
1003 1799 1041 1812 -

74 1843 150 1900 lllud
168 1843 195 1897 in
220 1859 328 1898 surnrna
354 1839 524 1896 admonendi
549 1859 664 1913 sumus,
689 1841 735 1914 id,
752 1841 840 1928 'quod
859 1841 933 1927 iussu
953 1841 1072 1916 patriae

76 1917 228 1975 dominive.
247 1924 418 1970 contractum
446 1913 549 1985 suerit,
588 1913 721 1990 quodque
750 1933 777 1969 rn
806 1932 865 1970 rem
891 1931 951 1970 erus
977 1932 1041 1970 rer·

74 2008 140 2046 eum
161 1990 229 2059 erit,
250 1989 355 2044 directo
382 2005 494 2064 quoque
520 2005 602 2062 posse
620 1998 737 2064 epatre
755 1986 903 2044 dominove
921 1986 1041 2058 cundici,

73 2077 222 2138 tamquam
249 2062 272 2117 si
298 2062 487 2136 principaliter
506 2079 568 2118 cum
590 2061 651 2132 ipso
672 2061 811 2134 negotium
832 2069 939 2146 gestum
958 2069 1041 2118 emet.

72 2138 107 2194 ei
120 2154 251 2212 quoque,
270 2135 317 2210 qui
335 2135 377 2190 rel
395 2135 561 2192 exercitoria
576 2134 622 2190 vel
638 2135 773 2191 institoria
792 2144 901 2191 actione
919 2142 1040 2206 tenetur,

73 2210 187 2268 directo
207 2227 288 2281 posse
304 2208 413 2264 cundici
434 2208 543 2282 placet,
560 2208 626 2283 quia
646 2209 727 2266 buius
745 2224 858 2284 quoque
876 2207 951 2268 iussu
970 2224 1042 2263 cou-

75 2293 197 2340 mactum
218 2281 385 2355 intellegitur
396 2284 432 2354 ⁹).

351 2407 540 2487 rlrunus
565 2434 770 2486 or-'ravua

159 2535 261 2620 1)Ι)Ε
304 2531 602 2599 NOXALIBUS
645 2530 968 2598 ac'l'tonttttUS.

136 2662 179 2718 En
199 2659 343 2718 maleficiis
368 2679 509 2716 serrorum
538 2659 636 2732 (veluti
655 2659 678 2714 si
702 2658 806 2714 lurtum
827 2657 961 2730 fecerint,
986 2665 1078 2717 auter

76 2739 155 2792 bona
175 2736 318 2808 rapuerint
354 2744 403 2790 aut
422 2735 553 2789 damnnm
575 2732 720 2804 dederint,
748 2741 797 2785 aut
816 2730 944 2786 iniuriam
963 2747 1043 2786 com-

77 2809 217 2881 miserint)
248 2825 363 2864 nonaes
389 2808 511 2863 actiones
538 2805 665 2879 proditae
691 2812 771 2874 sunt,
803 2803 903 2878 quibus
927 2801 1041 2858 domino

76 2884 214 2939 damnato
239 2881 425 2956 permittitur,
451 2890 499 2936 aut
518 2879 572 2934 litia
591 2875 811 2934 aestimationem
831 2872 966 2944 sufferre,
994 2885 1044 2932 aut

77 2957 221 3015 lrorninem
240 2973 334 3012 noxae
349 2954 453 3010 dedere
464 2956 500 3024 ²).
536 2955 620 3010 Noun
636 2962 729 3006 autem
746 2959 788 3004 eet
804 2945 949 3022 corpus·),
965 2947 1070 3023 quodt

78 3030 184 3103 amab,
204 3029 231 3085 id
250 3039 292 3085 est
311 3045 423 3100 oerrus3
450 3028 535 3083 nomn
554 3026 642 3098 iprum
664 3021 850 3093 maleficium,
879 3020 963 3078 veluti
981 3021 1043 3078 sur.

77 3115 157 3175 tum,
182 3102 332 3171 darnnum,
357 3101 473 3175 rapina,
492 3100 592 3155 iniuria
604 3095 641 3172 ³).
686 3095 803 3153 Summa
821 3106 914 3152 autern
934 3095 1073 3153 ratiouea

137 3245 164 3296 tu
180 3253 240 3300 quo,·
256 3244 281 3287 tn
294 3252 347 3298 quo.

137 3306 162 3354 a)
176 3303 254 3354 ,tpsttut
266 3310 288 3344 a.

79 3377 82 3382 ’
110 3409 134 3462 r>
149 3403 545 3459 u.retnun.act.xrv,t.r.1r.
610 3405 633 3455 r)
651 3401 702 3447 cu.
716 3401 751 3447 ιν
774 3397 887 3445 anan
902 3399 1042 3445 emanat.

78 3465 148 3516 -Gt
165 3466 221 3508 Tac.
237 3463 392 3514 annullata
421 3461 546 3506 suetl'e·
580 3460 613 3514 ll,
628 3459 672 3514 at,
688 3431 770 3501 amb
799 3455 828 3498 D.
848 3453 878 3497 dc
899 3457 1042 3501 nonabaot.

77 3530 148 3574 epus.
167 3523 202 3566 tt.
232 3521 260 3564 u.
275 3520 305 3564 de
320 3519 365 3563 sc.
380 3516 544 3568 ntereaxtv,
578 3509 886 3592 tx,t.·c.cod.111,tt.
903 3529 930 3544 ·-
960 3513 1044 3562 tlte·

77 3572 545 3685 rotabat:tafatttn:
579 3565 1045 3676 r¹rrttc..1t.t.tt.t.t

79 3687 194 3790 {ipsun
203 3687 328 3802 '32¹1'an
342 3685 415 3730 turn
427 3683 543 3739 cccxiv,
580 3683 598 3739 r,
615 3681 653 3726 su.
