2566 4344
170 370 321 429 luarrror.
351 367 400 428 nn
416 387 600 431 sennonteus
616 371 670 443 lv,
682 377 712 431 6.
733 371 764 455 §-
777 378 919 431 ιιι-ιιι.
975 374 1039 439 17⁵

71 518 234 576 distulerint
259 535 347 592 usque
373 517 463 590 adeo,
489 529 520 574 ιιι
542 519 626 575 etiam
651 517 679 576 in
704 520 835 578 iudicium
853 533 1036 582 nocerentur:

71 603 143 649 tunc
163 592 264 648 etenim
288 603 315 647 et
337 593 426 666 ipsam
447 608 505 647 rem
527 592 569 648 rei
587 594 752 668 pecuniam,
778 614 853 672 quae
870 596 966 653 relicta
982 607 1035 668 est,

71 666 147 723 dare
165 666 384 741 compelluntur,
404 676 432 722 et
452 666 527 721 aliud
550 677 656 724 tanturn
675 685 727 742 pro
763 687 857 742 uena,
876 681 904 728 et
924 669 988 726 ideo
1008 673 1036 727 in

73 739 192 814 duplum
219 740 279 796 eius
307 739 339 794 iit
365 738 627 814 consiemnatio²³).
654 771 691 784 -
735 687 885 810 Suadam
912 745 1086 803 actionem

71 814 192 872 mixtam
218 830 330 870 causam
358 813 485 870 obtinere
511 813 653 886 ridentur,
679 824 737 873 tam
761 817 789 873 in
809 837 886 888 rem,
903 836 987 894 quam
1008 818 1037 876 in

74 905 236 962 pemonanr.
255 887 344 962 qualis
363 897 406 943 est
421 887 546 943 familiae
564 888 745 946 erciscundae
764 892 854 964 actio,
872 909 946 968 quae
959 910 1039 948 corn-

72 961 148 1036 petit
171 960 356 1017 coheredibus
384 960 421 1016 de
441 960 590 1017 dividenda
611 961 784 1037 Ιιειειιιῒιιιος
809 965 876 1022 item
897 965 1037 1022 communi

70 1033 246 1104 dividundo,
272 1035 381 1110 quaer)
407 1034 552 1090 intereos
578 1034 719 1108 redditur,
742 1038 815 1094 inter
839 1057 912 1115 quos
931 1037 1037 1115 aliquid

71 1125 224 1166 commune
248 1117 306 1179 est,
333 1117 363 1163 ut
386 1107 414 1163 id
441 1107 598 1180 dividatur;
626 1109 691 1166 item
715 1109 810 1167 finium
837 1112 1037 1187 regundorum,

71 1199 150 1258 quae
169 1181 240 1238 inter
260 1181 435 1268 maspiter,
456 1182 503 1256 qui
523 1181 648 1238 confines
667 1201 749 1259 agros
768 1183 882 1243 liabent.
920 1185 950 1241 in
971 1187 1036 1260 qui·

74 1257 129 1312 bus
155 1256 240 1311 tribus
266 1254 373 1311 iudiciis
395 1255 564 1330 permittitur
581 1254 681 1328 indici,
707 1275 765 1314 reru
788 1257 868 1314 alicui
888 1275 923 1314 ex
943 1259 1035 1334 iitiga-

71 1329 182 1386 toribus
206 1345 242 1384 ex
270 1329 343 1384 bono
369 1339 398 1383 et
425 1346 517 1404 aequo
542 1328 723 1405 adiudicare,
751 1341 796 1403 et,
823 1333 846 1388 si
870 1331 950 1388 unius
990 1349 1035 1388 arr

70 1419 263 1479 praegravare
290 1401 443 1473 ridebitur,
471 1420 535 1460 eum
563 1403 681 1460 invicem
708 1415 784 1462 certa
809 1405 929 1481 pecunia
954 1349 1035 1462 aiiert

70 1475 326 1547 condemnaret).
814 1519 816 1525 ,

132 1548 239 1607 Omnes
261 1560 354 1605 autem
377 1547 501 1604 actiones
528 1548 571 1604 rei
594 1549 622 1604 in
642 1548 771 1624 sirnpium
790 1561 943 1628 conceptae
962 1562 1079 1625 suntet

71 1623 120 1681 vel
139 1624 169 1680 in
187 1623 320 1697 duplum,
340 1621 383 1678 rei
403 1621 430 1676 in
449 1620 576 1695 triplum,
598 1622 640 1678 rei
654 1623 682 1677 iu
699 1623 902 1698 quadruplum:
923 1626 1036 1683 ulterius

70 1706 169 1755 autern
197 1697 272 1753 nulia
300 1696 373 1753 actio
397 1695 565 1751 extenditur.
611 1695 642 1750 in
668 1695 797 1770 sirupium
819 1700 926 1772 agitur,
951 1700 1084 1759 veturiae

70 1791 112 1829 ex
130 1771 328 1846 stipulatione,
353 1787 390 1825 ex
411 1768 498 1824 mutui
519 1767 649 1840 datione,
670 1786 705 1824 ex
727 1781 822 1844 empto
843 1772 971 1845 vendito,
993 1774 1036 1830 io-

71 1855 139 1902 cato
164 1844 319 1915 conducto,
347 1841 498 1911 mandato,
521 1851 550 1897 et
573 1841 638 1898 deni
660 1859 696 1899 ue
714 1860 750 1900 ex
771 1843 831 1900 aliis
849 1844 1037 1920 compluribus

70 1919 176 1977 cnueis.
214 1917 245 1973 lu
266 1917 381 1992 duplum
398 1917 522 1990 agimus,
542 1915 625 1972 veluti
640 1860 710 1972 ‹durti
730 1933 784 1972 nec
802 1919 962 1990 manifesti,
982 1919 1034 1975 da·
1046 1934 1083 1978 aa

69 1994 132 2050 mni
152 1991 270 2049 iniuriae
289 2008 325 2047 ex
346 1991 408 2066 iege
427 1989 557 2065 Aquilia,
583 1988 704 2064 depositi
721 2006 756 2045 ex
778 1990 943 2064 quibusdam
962 1994 1035 2047 casi-

70 2069 171 2140 bus·).
209 2066 275 2121 item
298 2065 369 2121 servi
388 2063 533 2139 corrupti,
560 2080 633 2140 quae
653 2063 786 2139 competit
803 2065 831 2120 iu
851 2083 932 2136 curn,
958 2066 1037 2122 cuius

68 2137 363 2211 hortatu‘consiiiore
396 2155 491 2194 servos
519 2137 626 2194 alienus
654 2136 774 2212 sugerit,
805 2147 854 2194 aut
885 2148 1034 2196 contumax
1065 2186 1068 2190 .

69 2214 208 2272 adversus
228 2212 371 2268 dominum
390 2211 480 2267 factus
499 2219 556 2282 est,
576 2219 625 2266 aut
639 2210 780 2268 luxuriose
796 2213 888 2269 rivere
901 2212 1034 2287 coeperit,

69 2297 124 2346 aut
138 2287 259 2362 denique
274 2286 398 2361 quolibet
410 2284 496 2340 modo
510 2283 633 2340 deterior
645 2284 734 2341 sactus
746 2285 798 2343 sit:
814 2286 843 2341 iu
856 2304 911 2362 qua
926 2286 1035 2342 actione

69 2362 159 2420 etiam
180 2377 276 2416 earum
300 2377 408 2428 rorum,
435 2373 505 2434 quas
530 2357 664 2432 fugiendo
683 2377 779 2415 servus
798 2359 926 2434 abstulit,
951 2361 1036 2416 aesti-

69 2436 161 2493 matio
186 2433 343 2490 deducitur.
380 2434 446 2488 item
466 2449 502 2488 ex
519 2422 630 2507 legam,
651 2433 727 2508 quod
746 2434 951 2490 venerabilibus
969 2433 1036 2489 locis

69 2509 201 2566 relictum
219 2517 280 2580 est,
302 2505 454 2564 secundum
471 2523 523 2578 ea,
541 2523 614 2581 quae
627 2524 712 2583 supra
725 2503 908 2582 diximus²⁵).
945 2507 973 2564 Τ
974 2507 1036 2582 ripii
1047 2521 1082 2568 u

69 2601 157 2652 vero,
175 2602 238 2638 curu
255 2581 369 2657 quidam
389 2581 524 2636 maiorem
541 2597 624 2635 verae
639 2581 840 2638 aestimationis
852 2581 1035 2656 quantitatem

69 2659 103 2714 in
122 2655 215 2713 liheiio
235 2654 427 2712 conventionis
445 2653 579 2725 inseruit,
601 2656 660 2726 uti)
680 2672 717 2710 en
736 2653 790 2710 lrac
809 2672 891 2710 causa
907 2655 1035 2725 viatores,

69 2731 103 2788 id
124 2739 167 2786 est
185 2742 349 2786 executores
372 2727 476 2796 litium,
504 2727 666 2801 ampliorem
693 2745 828 2782 summam
850 2727 1036 2801 sportularum

69 2805 190 2861 nornine
216 2802 376 2877 exegerint:
403 2811 469 2857 tunc
495 2801 568 2856 enirn
590 2799 618 2854 id
629 2802 685 2886 s),
699 2799 774 2875 quud
800 2810 917 2874 propter
937 2817 1034 2855 eorum
1065 2831 1067 2836 ·

70 2895 189 2936 causam
208 2876 340 2932 damnum
360 2892 455 2949 passus
474 2873 559 2930 suerit
577 2890 659 2944 reus,
678 2872 743 2944 rur)
763 2872 875 2947 triplum
890 2873 927 2929 ab
941 2883 1036 2928 actore

70 2961 281 3026 consequetur,
303 2960 332 3006 ut
352 2949 380 3004 in
399 2947 453 3005 hoc
472 2947 554 3022 triplo
574 2956 603 3002 et
619 2946 765 3020 simplum,
782 2945 810 3001 in
830 2963 886 3020 quo
904 2945 1036 3002 damnum

69 3043 174 3103 passus
192 3034 252 3092 est,
270 3032 494 3081 connumeretur.
531 3021 606 3096 qarod
627 3030 722 3076 nostra
741 3019 899 3076 constitutio
918 3019 1036 3092 induxit,

69 3117 149 3176 quae
168 3098 198 3154 in
219 3109 312 3154 nostro
339 3095 434 3152 codice
460 3093 569 3169 fuiget,
594 3111 629 3150 ex
670 3093 742 3169 ua')
763 3094 849 3148 dubio
868 3094 966 3169 procui
985 3102 1037 3165 est,

69 3191 112 3231 ex
138 3171 201 3246 iege
227 3166 466 3242 condicticiam')
494 3112 691 3243 manased).
753 3166 870 3235 Quadru
894 3169 928 3238 ii,
955 3168 1083 3226 reiutito

68 3246 143 3304 furti
162 3243 321 3316 manifesti,
342 3243 409 3299 item
429 3238 465 3298 de
483 3260 536 3314 eo,
556 3241 631 3317 quod
652 3252 741 3298 metus
759 3259 843 3298 causa
877 3252 968 3298 actum
988 3241 1038 3312 sit,

132 3419 220 3472 simtu.
243 3442 270 3452 -
305 3419 425 3470 mouens.
446 3437 474 3448 —
508 3417 570 3468 ωσι.
593 3437 620 3448 -
655 3414 803 3471 u)det.td;
824 3415 877 3458 loco
898 3415 935 3472 ta,
958 3415 989 3456 ιιι.
1011 3435 1039 3448 -

70 3478 101 3530 ν)
118 3485 194 3530 quoto.
209 3497 237 3507 -
265 3479 299 3527 w)
315 3475 459 3518 condiendo.

103 3598 144 3644 tut
158 3600 177 3644 1.
193 3598 223 3642 de
237 3597 262 3641 vi
278 3600 330 3642 uon.
345 3597 541 3654 septimane
574 3595 616 3651 tv,
638 3593 676 3638 17.
697 3593 721 3648 s.
735 3591 817 3638 t...r.
839 3613 868 3626 ·-
903 3590 943 3644 26)
958 3593 987 3635 D.
1010 3591 1043 3636 ds

70 3657 106 3700 de
127 3657 144 3700 1.
164 3654 263 3707 Aquilia
279 3656 319 3708 tv,
334 3656 357 3698 ιι.
379 3655 403 3708 s.
418 3654 439 3697 9.
470 3653 496 3698 c.
512 3653 542 3697 de
575 3661 648 3695 servo
669 3652 779 3701 corrupto
794 3649 839 3706 xl,
854 3649 876 3693 8.
899 3669 936 3680 -·
956 3647 996 3701 2⁶)
1012 3648 1041 3693 ⁰.

70 3708 540 3765 eptaeetcter.t,a.t.ts.s.t‚-
576 3703 1041 3764 uentuspeut.111,tu.1.t.st.

71 3770 116 3819 24)
133 3769 152 3810 ι
167 3767 197 3810 de
212 3765 309 3818 aurigas.
324 3777 347 3819 n.
363 3777 395 3810 ex
409 3768 484 3808 contr.
499 3766 540 3814 lu,
576 3764 684 3818 Theona.
700 3766 724 3808 h.

69 3824 106 3868 ιτ
122 3823 178 3875 (sa).
199 3821 223 3877 s.
238 3825 261 3866 a.
280 3823 320 3879 ις
343 3823 373 3864 re
394 3821 471 3866 atauo
493 3819 541 3864 tuo.
