2566 4344
246 333 308 402 192
365 335 516 396 lnsrtrur.
541 333 589 394 Du
606 351 803 396 rurcnurorrs
819 332 874 405 tv,
889 338 938 390 lb.
956 333 1008 393 Pr.
1025 331 1058 414 §-
1072 339 1103 392 t.

245 493 356 556 manet,
376 483 441 540 licet
459 491 558 558 postea
576 482 603 538 in
623 481 791 540 contrarium
806 481 880 556 pacti
896 482 989 548 sonti:
1010 480 1059 538 sed
1075 480 1150 556 quia
1164 478 1221 535 iui-

244 575 332 636 qnntn
352 567 413 626 ert,
431 556 597 614 creditorem
615 555 747 626 excludi,
769 555 914 630 replicatio
933 555 960 610 ei
975 554 1090 610 dabitur
1105 573 1146 610 ex
1165 572 1219 627 po-

218 632 363 694 rsteriore
392 640 475 706 pacto
501 639 648 687 contento.
692 628 799 685 Rursus
818 628 957 684 interdum
978 628 1093 701 evenit,
1115 637 1154 683 ut
1171 645 1220 682 re·

245 705 375 783 plicatio,
401 721 474 791 qnae
494 704 584 791 prima
604 701 677 760 facie
695 703 767 758 iustu
786 703 836 773 sit,
861 702 955 777 inique
977 711 1087 758 noceat.
1127 701 1219 767 Quod

244 798 308 838 cunr
328 777 447 849 accidit,
465 777 520 834 alra
537 777 705 848 allegatione
722 795 793 850 opus
808 785 867 844 est,
886 775 1038 832 adiurandi
1053 775 1097 832 rei
1112 775 1218 848 gratia,

216 868 320 928 aquae
339 850 491 926 duplicatio
510 862 633 906 vocatur.
681 849 758 906 Etsi
778 869 873 906 rursus
892 867 926 906 ea
947 850 1036 923 prima
1049 848 1128 904 facie
1143 849 1219 904 iusta

247 925 374 982 rideatur
409 923 459 980 sed
480 934 596 1000 propter
613 924 734 998 aliquatn
752 941 864 980 caturam
879 924 973 998 inique
990 923 1078 978 actori
1096 931 1215 990 noceat,

246 1016 341 1055 rursus
361 967 529 1072 allegatione
549 996 604 1054 alia
623 1015 694 1071 opus
713 1007 770 1068 est,
794 1015 849 1072 qna
863 1007 943 1052 actor
960 996 1121 1068 adiuvetur,
1141 1011 1218 1070 quae

216 1072 348 1132 edicitur
376 1071 533 1147 triplicatio.
594 1069 722 1137 Quarum
752 1073 874 1126 omnium
903 1071 1105 1145 exceptionum
1135 1085 1216 1124 munt

246 1145 386 1203 interdum
407 1143 537 1216 ulterius,
562 1161 647 1219 quant
667 1143 802 1217 diximus,
829 1143 949 1199 varietas
968 1144 1149 1216 negotiorum
1173 1143 1217 1197 in-

248 1219 370 1277 troducit
379 1222 421 1290 ·);
449 1235 518 1295 quas
538 1235 635 1276 omnes
654 1219 778 1292 apertius
797 1235 833 1274 ex
852 1217 951 1274 latiore
969 1217 1149 1292 digestorum
1167 1233 1216 1271 ro-

247 1293 352 1350 lumine
371 1291 454 1348 facile
473 1302 516 1349 est
535 1309 712 1365 cognoscere.

217 1377 237 1422 a
304 1365 492 1440 Exceptiones
511 1374 622 1432 autem,
640 1365 741 1439 quibus
760 1362 871 1418 debitor
889 1359 1067 1432 detenditur,
1088 1363 1215 1436 plerum-

250 1457 306 1516 que
322 1439 528 1496 accommodari
546 1437 636 1492 solent
651 1439 734 1494 etiam
753 1435 961 1492 fideiussoribus
976 1437 1055 1494 eius:
1076 1447 1107 1493 et
1125 1446 1212 1505 recte,

251 1515 332 1589 quis,
358 1511 433 1587 quod
461 1508 558 1566 abluis
578 1510 696 1582 petitur,
722 1510 751 1566 id
770 1511 806 1567 ab
826 1511 887 1583 ipso
907 1510 1034 1566 debitore
1055 1511 1117 1584 peti
1139 1511 1215 1574 ride·

251 1597 315 1658 tut,
343 1585 409 1659 quia
429 1582 553 1640 mandati
573 1582 675 1640 iudicio
695 1584 854 1642 redditurus
872 1594 914 1639 est
933 1585 989 1652 eis,
1016 1584 1094 1658 quod
1116 1583 1214 1659 hipra

248 1675 287 1714 eo
305 1656 446 1716 soluerint.
484 1675 540 1733 qna
558 1657 668 1715 ratione
685 1668 729 1730 et,
747 1658 771 1714 si
791 1657 827 1714 de
841 1659 936 1730 nond)
956 1658 1079 1730 petenda
1094 1659 1213 1730 pecunia

251 1741 350 1806 pactus
368 1731 416 1806 qui
435 1750 498 1788 eum
518 1748 567 1788 teo
586 1731 689 1801 luerit,
713 1731 832 1805 placuit,
859 1731 975 1804 perinde
994 1733 1211 1788 succurrendum

248 1823 312 1862 esse
339 1822 391 1879 pet
415 1805 608 1878 exceptionem
636 1805 710 1878 pacti
735 1805 863 1862 conventi
889 1805 939 1860 illis
967 1803 1135 1880 quoquot),
1168 1806 1212 1880 qui

249 1898 302 1954 pro
323 1897 357 1936 eo
377 1878 620 1954 obligationem,
641 1879 697 1935 acsi
715 1875 777 1954 ets)
799 1896 861 1934 curn
875 1879 941 1952 ipsiu
976 1888 1053 1934 actus
1072 1888 1159 1948 esset,
1180 1896 1212 1934 ue

249 1954 287 2012 ab
313 1953 354 2011 eis
380 1970 416 2010 ca
441 1953 560 2028 pecunia
585 1960 737 2025 peteretur.
775 1952 852 2009 Sane
873 1896 1012 2027 quaedam
1031 1953 1213 2024 exceptiones

247 2045 308 2085 -oon
327 2027 418 2084 solent
437 2027 479 2083 his
501 2025 718 2084 accommodati.
755 2043 821 2082 ecce
839 2027 913 2083 eninr
933 2025 1060 2098 debitor,
1087 2026 1109 2081 si
1136 2027 1212 2081 bonis

250 2101 307 2158 suis
334 2099 465 2169 cesserit,
490 2110 519 2156 et
544 2118 606 2156 curn
633 2118 669 2157 eo
694 2099 817 2156 creditor
843 2101 1024 2173 experiatur,
1052 2099 1212 2156 defenditur

250 2192 303 2248 per
326 2174 537 2262 exceptionem,
565 2171 654 2248 nicia)
680 2170 756 2231 bonis
773 2175 898 2232 munile
923 2173 972 2230 sed
992 2171 1064 2228 haec
1082 2174 1211 2247 exceptio

249 2247 461 2305 fideiussoribus
481 2265 536 2303 non
557 2245 661 2318 datur,
681 2247 785 2304 scilicet
802 2245 885 2318 ideo,
905 2247 988 2322 quia,
1008 2247 1055 2322 qui
1076 2247 1148 2302 alios
1164 2263 1210 2320 pro

249 2322 378 2378 debitore
397 2321 518 2394 obligat,
537 2317 591 2376 lroc
609 2320 730 2376 maxime
750 2321 898 2394 prospicit,
919 2330 966 2390 nt,
990 2339 1050 2376 curu
1072 2319 1210 2376 facultati-

251 2395 305 2450 bus
324 2394 416 2467 lapsus
435 2394 519 2450 suerit
540 2393 665 2466 debitor,
687 2395 774 2467 possit
790 2397 827 2450 ab
846 2393 906 2467 his,
926 2413 996 2470 qnos
1016 2411 1066 2468 pro
1089 2412 1123 2452 eo
1142 2394 1210 2452 obli-

250 2467 346 2541 gerit,
366 2485 445 2521 suurn
465 2467 599 2541 consequi
608 2469 644 2539 ³).

403 2617 598 2672 TlTULUS
627 2619 825 2673 DEClMUS
852 2622 1059 2684 QUlN'l'llS.
1113 2645 1117 2663 ·

320 2709 453 2790 nna
536 2705 1144 2777 tnunnurcrre

208 2843 249 2888 t'r.
306 2835 456 2912 Sequitur,
482 2844 512 2890 ut
530 2831 708 2907 dispiciamus
728 2835 764 2892 do
785 2837 953 2908 interdictis,
980 2855 1028 2894 seu
1050 2836 1208 2910 actionibus,

250 2928 324 2986 quae
349 2928 399 2985 pro
425 2909 468 2966 his
492 2917 666 2965 exercentur.
710 2907 800 2965 Erant
824 2921 917 2968 autem
937 2911 1085 2966 interdicta
1105 2909 1208 2967 formae

250 2996 335 3059 atque
363 2983 561 3056 conceptiones
587 2981 753 3054 verborum,
780 2986 880 3058 quibus
899 2995 1013 3058 praetor
1032 2997 1081 3040 aut
1100 2984 1208 3042 rubebat

251 3056 356 3181 aliquid
379 3056 457 3124 fieri,
484 3065 532 3111 ant
551 3054 612 3111 fieri
631 3054 806 3129 prohibebat.
845 3059 922 3134 quod
942 3068 1007 3114 tunc
1026 3058 1147 3115 maxime
1166 3058 1208 3114 la-

252 3129 294 3184 cie
316 3131 400 3199 av),
429 3147 491 3184 curn
516 3129 553 3185 de
580 3128 754 3202 possessione
778 3140 827 3187 aut
846 3131 926 3207 quasi
945 3133 1121 3207 possessione
1141 3133 1208 3188 inter

252 3201 360 3278 aliquos
376 3201 608 3258 contendebatur.

226 3281 238 3328 t
309 3274 426 3332 Summa
446 3284 539 3330 autem
556 3271 654 3330 divisio
673 3277 881 3333 interdictorum
900 3277 972 3334 haec
988 3288 1051 3348 est,
1075 3277 1150 3352 quod
1164 3287 1207 3333 aut

251 3349 435 3423 prohibitoria
455 3356 535 3420 sunt,
562 3357 610 3402 aut
629 3350 816 3423 restitutoria‚
837 3361 886 3408 aut
905 3351 1084 3408 exhibitoria.
1120 3349 1207 3428 probi-

308 3508 479 3620 qqtqetqqqpctt.
493 3528 520 3539 -
536 3506 559 3558 d)
569 3505 617 3550 tton
630 3508 666 3552 de.
678 3529 706 3540 -
721 3512 744 3560 c)
758 3507 804 3552 rtet.
819 3518 915 3562 quoqne.
930 3531 957 3540 -
972 3506 991 3560 t)
1004 3504 1050 3550 det.
1065 3507 1094 3550 ct.
1107 3529 1136 3540 —
1148 3508 1172 3560 ι)
1181 3507 1207 3550 rt

280 3673 305 3724 ³)
321 3673 350 3714 n.
362 3669 445 3721 xntv.
460 3670 481 3713 t.
497 3669 557 3723 t.t.;
572 3671 602 3726 ll,
621 3669 656 3714 rt.
672 3670 717 3714 nt.
751 3673 812 3716 sent.
829 3672 858 3714 tte
874 3668 1098 3723 interdictis,1l',t.
1120 3671 1147 3714 n.
1158 3671 1210 3713 soti.

249 3726 308 3780 §.8
331 3727 346 3769 l.
361 3727 400 3772 32.
430 3723 529 3780 outnut.
545 3727 604 3772 dect.
620 3726 673 3770 sta.
751 3728 834 3784 xnttt,
853 3729 872 3770 t.
903 3725 1115 3780 0.eot.v111,t.

283 3783 305 3832 t)
322 3781 372 3825 cst.
393 3781 434 3836 tv,
458 3782 613 3826 sse...1to.
648 3782 717 3826 nutu.
