2566 4344
235 325 299 392 174
346 327 496 388 laurarur,
525 323 574 384 De
590 339 775 382 terroremue
789 322 847 395 lv,
858 327 889 379 o.
909 320 941 402 §-
955 326 1103 381 rit—to.

192 491 297 538 rueme
320 475 456 551 μήν’).
500 473 680 551 appetamur
698 483 791 532 autern
810 473 838 529 in
858 491 919 530 rem
937 472 1052 548 quidem
1072 473 1211 529 actiones

234 547 439 621 audientum
466 549 494 604 in
517 563 666 624 perronam
686 564 751 604 cero
776 547 917 618 actiones,
941 547 1043 622 quibua
1061 545 1138 602 dare
1158 545 1208 602 ta-

235 639 300 680 cere
327 633 460 697 oportere
484 621 657 692 intenditur,
685 620 871 678 condictione.
906 618 1045 678 condioere
1060 621 1144 676 enirn
1161 632 1208 677 en

235 693 391 754 &meatim
411 695 503 771 priona
517 694 629 782 linqua3
654 711 727 750 nunc
746 711 815 752 cero
834 695 950 750 abusive
968 694 1106 766 didm,
1131 713 1207 750 coo·

235 768 385 826 dictionem
405 769 542 826 actionem
562 786 590 824 m
636 785 765 824 ereonarn
784 785 863 840 ecre,
889 785 946 843 qua
968 779 1047 824 actor
1066 769 1210 839 intendit,

236 841 297 898 dari
323 842 375 898 eibi
402 852 543 918 oportere.
579 785 654 898 nudo
684 842 759 898 enim
785 840 839 898 hoc
864 850 993 917 tempore
1017 859 1054 898 eo
1083 842 1210 900 nomine
1265 867 1266 872 ¹

236 915 412 972 denuntiatio
431 911 527 989 fit²⁰).

195 1000 226 1046 tu
292 987 420 1064 Sequens
447 987 494 1044 iila
520 986 618 1043 divioio
645 995 705 1060 est,
737 985 815 1063 quod
840 985 980 1062 quaedam
1006 988 1139 1045 natones
1164 990 1208 1046 rei

236 1062 450 1140 persequendae
475 1060 564 1136 gratia
591 1070 771 1137 comparatae
799 1071 879 1132 eunt,
913 1061 1054 1138 quaedam
1084 1079 1208 1138 poenae

194 1151 225 1198 rt
235 1136 467 1213 persequendae,
502 1133 641 1211 quaedam
676 1133 782 1192 mixtae
813 1145 878 1190 ruat
894 1137 948 1204 ²¹).
1010 1134 1065 1192 Rei
1099 1154 1207 1210 peree-

256 1209 365 1268 uendae
391 1227 475 1267 cauea
500 1218 680 1283 comparatae
704 1217 769 1264 eunt
793 1226 890 1265 omnes
915 1208 945 1264 in
974 1226 1034 1265 rem
1066 1210 1206 1270 actiones

234 1229 341 1341 aarum
376 1301 443 1341 vero
475 1283 631 1354 notionum,
672 1299 746 1357 quae
777 1281 807 1336 in
838 1299 989 1356 perronam
1020 1293 1108 1355 runt,
1150 1283 1207 1340 hae

235 1356 366 1433 quidem,
421 1375 474 1414 uae
506 1373 543 1412 ex
573 1363 716 1412 contractu
743 1365 913 1425 nascuntur,
945 1354 1006 1412 sere
1032 1373 1142 1413 omnen
1164 1359 1204 1414 ια’

235 1377 450 1508 pemequendae
485 1445 569 1485 caure
601 1438 782 1503 comparatae
808 1428 954 1488 ridentur:
989 1429 1074 1485 veluti
1099 1431 1205 1506 quibua

236 1515 361 1562 mutuam
380 1502 545 1578 pecuniam,
563 1501 606 1557 vei
623 1501 651 1557 in
669 1502 829 1578 stipulatum
847 1501 995 1559 deductam
1015 1504 1088 1579 petit
1107 1517 1203 1575 actor,

236 1579 303 1633 item
331 1575 515 1647 commodati,
546 1571 682 1650 depositi,
708 1575 851 1647 mandati,
876 1594 928 1652 pro
955 1576 1048 1646 rocio,
1075 1595 1115 1634 ex
1143 1596 1205 1634 eur·

236 1660 287 1727 pto
314 1649 443 1723 vendito,
469 1648 561 1706 locato
587 1648 734 1706 conducto.
770 1649 874 1724 piane,
901 1650 925 1705 ai
951 1649 1074 1725 depositi
1100 1663 1205 1726 agetur

237 1742 273 1781 eo
298 1725 429 1795 nomine,
464 1721 540 1800 qood
567 1723 715 1795 tumultur,
747 1722 884 1795 incendii,
915 1723 1032 1793 ruinae,
1059 1725 1204 1799 nauti-agii

238 1815 322 1854 cauta
353 1797 510 1872 depositum
537 1795 593 1868 eit,
626 1795 656 1852 iu
687 1795 802 1873 duplum
829 1797 968 1854 actionem
995 1807 1113 1871 praetor
1137 1799 1206 1856 red-

237 1871 298 1944 dit,
325 1870 348 1927 ai
370 1870 455 1928 modo
482 1887 545 1928 eum
571 1869 633 1945 ipro
677 1869 753 1958 apud
777 1888 861 1947 quem
889 1870 1047 1947 depositum
1076 1872 1132 1940 sit,
1158 1883 1205 1928 aut

237 1964 299 2002 euro
324 1943 430 2002 herede
457 1944 517 2000 eiua
543 1960 578 2000 ex
602 1913 668 2000 doio
692 1943 778 2018 rpriua
803 1954 916 2020 agetur:
943 1962 999 2020 quo
1025 1963 1093 2000 canu
1115 1947 1205 2002 mixta

195 2026 280 2076 teeat
301 2019 437 2091 actio²²).
488 2015 533 2074 Er
559 2015 702 2073 maleficiis
728 2033 794 2074 vero
821 2017 950 2093 proditae
974 2017 1102 2078 actiones
1131 2021 1206 2078 aliae

238 2102 345 2150 tantum
386 2106 497 2166 poenae
537 2087 749 2166 persequendae
784 2108 869 2148 cauca
905 2104 1089 2167 comparatae
1122 2107 1203 2168 eunt,

238 2167 311 2224 aliae
339 2170 432 2236 tarn0)
459 2181 584 2293 poenae,
613 2181 697 2241 quarn
723 2163 764 2221 rei
791 2167 1022 2241 persequendae,
1050 2177 1082 2224 et
1108 2171 1149 2224 ob
1176 2169 1203 2224 id
1264 2199 1265 2212 ι

237 2241 343 2297 mixtae
357 2247 430 2296 aunt.
482 2256 583 2294 oenam
598 2247 704 2294 tantum
720 2239 897 2314 persequitur
910 2240 971 2326 quie
986 2241 1102 2298 actione
1117 2241 1203 2300 furti:

238 2315 295 2368 nire
321 2313 395 2368 enirn
422 2311 563 2368 manifesti
589 2321 690 2398 agatur
710 2310 881 2387 quadrupli,
910 2331 967 2369 erre
987 2331 1042 2370 neo
1060 2317 1202 2372 maritari

238 2384 331 2460 dupli,
349 2384 384 2440 de
397 2386 456 2440 noia
470 2403 564 2459 poena
577 2395 686 2458 agitur:
702 2402 768 2442 nam
781 2386 871 2461 ipsam
887 2403 946 2442 reni
960 2388 1079 2474 propria
1094 2390 1202 2445 actione

238 2458 416 2536 persequitur
441 2457 519 2532 quir,
546 2456 574 2512 id
601 2467 644 2514 ert
669 2475 748 2516 ruam
769 2477 830 2516 esre
849 2470 971 2535 petens,
997 2479 1057 2518 arve
1077 2463 1126 2518 sur
1144 2465 1202 2536 ipae

239 2549 302 2590 eam
320 2547 379 2586 renr
396 2529 556 2605 possideat,
583 2530 640 2588 aive
659 2531 728 2588 aiios
746 2533 879 2608 quilibet3
905 2551 940 2590 eo
957 2533 1081 2608 ampliu·
1102 2536 1201 2593 adrer-

196 2611 286 2662 1toue
304 2603 395 2661 iurem
414 2601 497 2660 etiarn
518 2603 655 2660 condictio
675 2615 717 2662 ent
735 2607 786 2663 rei.
827 2605 862 2661 Vi
883 2617 976 2663 autern
996 2608 1139 2665 bonorum
1158 2627 1201 2665 ra-

238 2676 443 2756 ptorum·actio
462 2678 549 2734 mixta
568 2689 630 2750 eet,
651 2679 716 2754 quia
735 2679 763 2734 in
783 2679 968 2755 quadruplum
985 2682 1026 2737 rei
1044 2685 1202 2756 persecutio

238 2754 412 2824 continetur,
438 2769 531 2828 poena
557 2762 650 2808 autern
676 2751 749 2827 tripli
771 2763 821 2810 est.
857 2751 917 2810 Sed
936 2764 965 2810 et
982 2754 1054 2883 lepis
1076 2758 1200 2832 Aquiliae

239 2828 312 2886 actio
331 2827 368 2884 de
386 2826 526 2895 damnor)
548 2827 634 2882 mixta
655 2835 717 2896 est,
738 2843 793 2880 non
812 2825 918 2899 solum,
940 2827 963 2882 ai
983 2844 1000 2882 a
1022 2847 1123 2884 ceraue
1141 2830 1202 2886 infi-

239 2903 353 2958 tiantem
373 2901 402 2956 in
421 2899 536 2975 duplum
555 2909 675 2974 agatur,
695 2898 744 2953 sed
762 2898 900 2956 interdurn
921 2909 965 2971 et,
984 2901 1008 2957 ri
1026 2902 1056 2956 in
1072 2903 1201 2978 simplum

240 2976 356 3100 quinque
380 2973 449 3047 agit.
483 2973 567 3029 veluti
586 2974 609 3029 ai
628 2971 689 3047 quia
707 2970 848 3028 hominem
868 2973 998 3031 claudum
1022 2986 1074 3030 aut
1096 2975 1201 3033 luscum

240 3065 299 3102 occi

240 3119 310 3174 tanti
336 3118 409 3174 enim
435 3115 601 3190 damnatur,
630 3119 725 3195 quanti
745 3117 768 3172 ia
787 3118 871 3174 lronro
892 3119 920 3176 iu
940 3137 975 3176 eo
993 3137 1070 3178 anno
1091 3123 1202 3198 plurimi

239 3187 381 3278 fueriti),
406 3190 558 3247 secundum
579 3192 634 3248 iam
659 3191 788 3248 traditam
812 3191 984 3248 divisionem.
1023 3194 1094 3250 item
1118 3199 1201 3253 mixta

240 3277 283 3324 eet
305 3276 377 3322 actm
402 3273 500 3318 contra
525 3282 590 3336 eos,
619 3265 666 3339 qui
692 3265 787 3321 relicta
807 3266 990 3322 sacrosanctis
1009 3269 1138 3326 eeclesiis
1163 3269 1200 3324 rel

185 3395 188 3402 ,
241 3341 300 3396 aliia
315 3337 518 3396 venerabilibus
536 3338 602 3394 lucia
620 3338 705 3411 legati
725 3338 767 3394 rei
783 3337 988 3395 fideicommissi
1003 3343 1122 3399 nornine
1137 3343 1201 3398 dore

321 3046 388 3116 erit,
414 3046 461 3119 qui
486 3046 514 3101 in
542 3065 576 3102 eo
605 3063 680 3102 anno
705 3045 813 3120 integer
833 3056 862 3102 et
880 3046 975 3121 magni
995 3049 1080 3122 pretii
1101 3049 1201 3106 suerit:

296 3499 419 3553 o)n.ret‚
440 3507 462 3540 ιι.
477 3497 493 3539 t.
514 3515 543 3528 -
577 3495 812 3548 ntuentium-raa·
832 3497 897 3540 ded.
912 3497 1000 3542 tntrotu
1014 3497 1086 3554 doto,·
1107 3496 1155 3544 det.
1176 3517 1201 3528 -

240 3555 266 3609 q)
280 3565 304 3607 p.
318 3557 340 3598 et
354 3554 430 3610 rudpret
442 3551 514 3606 pretii
524 3548 562 3610 123
581 3549 627 3596 def.
642 3553 729 3597 tutati..
742 3553 775 3606 pr.
788 3527 871 3606 lum

270 3659 664 3715 1931.teoottgat.exuet.1v‚
681 3662 703 3705 t.
736 3661 776 3714 tt)
792 3661 821 3706 Ι).
837 3657 942 3716 depositi
954 3651 1090 3716 miti.
1107 3662 1130 3705 1.
1145 3659 1202 3716 §.d-

240 3714 313 3810 {gp
334 3735 372 3818 {p
383 3717 429 3800 ΞΟ)
439 3716 558 3821 ,0331an
571 3717 606 3815 ίῗ.
616 3715 705 3815 33}-
735 3717 857 3770 §ml-18.
885 3715 1034 3772 ΜΛΝ·
1100 3761 1102 3766 ,
