2516 4328
225 343 290 412 liiii
331 347 480 408 lassum.
509 342 557 402 Du
570 359 754 404 nonnarum.
767 356 862 400 namu.
875 340 932 412 IV,
947 345 998 398 tu.
1016 340 1075 402 P-r.
1093 339 1127 422 ξ.
1139 347 1204 400 Μ.

399 506 586 562 manuus
617 505 813 559 nummus
838 504 1025 558 sunaus.

301 607 397 687 *tna
423 605 573 672 ΡΟΕΝΑ
600 603 780 670 TEMERE
808 602 1139 692 th'tGAN'l'tUtt.

187 759 227 808 Pr.
284 747 367 804 Nunc
394 745 563 804 admonendi
591 763 701 815 sumus,
734 763 864 818 magnam
891 762 988 801 curam
1017 745 1119 818 egisse
1148 763 1204 818 sos,

229 822 276 897 qui
298 823 359 876 iura
376 821 564 892 sustinebant,
586 837 622 874 ns
640 818 722 876 facite
741 817 868 875 homines
885 817 921 874 ad
938 818 1115 893 litigandum
1138 837 1205 893 pro-

230 895 380 965 cederent3
406 893 481 968 quod
510 904 539 950 st
562 892 643 948 nobis
669 891 762 948 studio
791 902 841 950 est.
893 891 982 968 quue
1012 909 1050 948 eo
1080 893 1206 948 maxime

229 967 291 1024 fieri
318 976 430 1042 potest,
461 966 536 1042 quod
562 965 704 1023 temeritas
723 975 779 1020 tam
797 965 954 1040 agentium,
981 983 1076 1041 quam
1096 984 1204 1036 eorum,

231 1060 293 1098 cum
333 1041 412 1096 nibus
431 1051 578 1116 ageretur,
598 1039 683 1095 modo
700 1039 859 1112 pecuniaria
878 1057 987 1114 poena,
1010 1041 1106 1094 modo
1123 1040 1205 1094 iuris-

203 1060 340 1175 sturmii
365 1114 517 1190 reiigione,
544 1113 629 1169 modo
658 1122 733 1168 metu
761 1111 894 1169 infamiae
916 1123 1083 1170 coercetur.
1131 1113 1204 1169 Ecce

230 1190 303 1246 enim
331 1187 521 1244 iusiurandum
549 1187 696 1254 omnibus,
721 1187 769 1260 qui
793 1186 1013 1260 conveniuntur,
1038 1205 1083 1258 em
1109 1198 1204 1243 nostra

230 1262 426 1318 constitutione
442 1261 583 1318 defertur:
603 1278 667 1316 nam
686 1277 750 1314 reus
769 1278 824 1317 uon
845 1259 925 1316 aliter
940 1259 998 1314 suis
1018 1260 1203 1334 allegationi-

230 1337 281 1391 bus
309 1335 410 1408 utitur,
443 1335 496 1392 nisi
523 1335 600 1410 prius
626 1334 773 1405 iuraverit,
806 1332 882 1408 quod
908 1343 1030 1408 putans,
1070 1353 1105 1390 se
1133 1335 1201 1390 bona

229 1410 361 1464 instantia
381 1410 435 1481 uti,
457 1408 493 1465 ad
514 1406 761 1463 contradicendum
782 1407 917 1480 pervenit.
946 1415 975 1462 at
995 1407 1144 1464 adversus
1163 1409 1201 1462 in-

229 1483 351 1538 fitiantes
376 1501 411 1538 ex
456 1481 600 1536 uibusdam
624 1481 712 1535 causis
733 1479 811 1566 dupli
830 1480 872 1536 vel
893 1479 967 1554 tripli
978 1478 1005 1552 ¹)
1034 1481 1118 1536 actio
1139 1501 1201 1537 con-

229 1556 371 1624 stituitur,
407 1501 490 1608 veiuti
518 1553 541 1608 si
574 1552 669 1608 damni
696 1553 829 1624 iniunae,
865 1563 914 1610 aut
940 1553 1111 1626 legatorum
1140 1556 1200 1611 iocis

229 1627 433 1683 sationabilibus
460 1626 618 1682 relictorum
644 1627 757 1682 nomine
781 1638 881 1702 agetur
908 1627 1015 1693 (statim
1044 1638 1148 1684 autem
1169 1630 1199 1684 ab

230 1701 309 1757 initio
338 1699 423 1774 pinnis
447 1718 531 1776 quam
554 1700 645 1775 simpli
667 1709 709 1755 est
734 1701 827 1772 actio,
853 1700 936 1756 veluti
962 1699 1031 1754 iurti
1060 1702 1200 1758 manifesti

228 1774 338 1850 quadiu
361 1774 396 1846 li,
422 1793 474 1830 nae
493 1773 631 1830 manifesti
651 1773 746 1848 dupli:
774 1792 837 1833 nam
858 1791 893 1830 ex
911 1773 955 1828 his
974 1775 1073 1831 causis
1095 1788 1125 1832 et
1147 1777 1200 1831 aliis

229 1849 329 1923 ¹quibus
351 1865 411 1918 am,
433 1849 491 1904 sive
508 1848 569 1923 quis
589 1858 673 1922 neget
692 1846 749 1904 sive
767 1847 905 1920 fateatur,
926 1847 1015 1922 pluris
1029 1867 1123 1924 quam
1139 1851 1199 1905 sim·

231 1922 270 1996 pli
297 1931 339 1978 est
359 1922 431 1979 actio
443 1923 492 1996 2)).
533 1921 602 1977 item
622 1921 723 1977 actoris
743 1939 857 1997 quoque
876 1921 1016 1977 calumnia
1033 1934 1198 1980 coercetur:

231 2014 295 2052 nam
320 1996 403 2052 etiam
431 2006 509 2052 actor
556 2014 586 2050 ro
612 1994 750 2050 calumnia
777 1995 870 2050 iurare
898 1994 1008 2050 coitur
1035 2013 1077 2050 ex
1110 2008 1198 2053 nostra

230 2070 426 2126 constitutione
435 2071 472 2144 i).
511 2014 664 2144 Uiriusque
687 2068 771 2123 etiam
800 2069 887 2143 partis
906 2013 1037 2124 nivosam
1058 2069 1197 2126 iusiuran-

230 2145 298 2200 dum
318 2145 454 2214 subeunt,
473 2142 549 2217 quod
568 2143 622 2198 alia
638 2152 733 2197 nostra
749 2141 945 2197 constitutione
959 2143 1198 2215 comprehensum

231 2221 322 2289 θεῖ’).
360 2217 439 2273 Haec
459 2227 552 2272 autem
573 2215 666 2271 omnia
705 2234 737 2270 ro
756 2215 890 2289 vetet-iso)
909 2213 1071 2272 calumniae
1093 2220 1198 2274 actione

232 2292 391 2349 introducta
417 2299 498 2361 suut,
525 2307 597 2365 quae
624 2290 652 2345 in
679 2233 891 2345 ‹iesuetndinem
920 2288 1004 2358 abiit,
1038 2292 1148 2365 quisi)
1173 2294 1196 2346 ia

232 2376 341 2440 partem
361 2365 497 2420 decimam
516 2362 569 2418 litis
589 2373 711 2420 actorem
728 2363 879 2434 multabat,
898 2361 975 2436 quod
994 2381 1140 2440 nusquam
1159 2365 1197 2420 ia-

231 2449 307 2493 ctum
330 2434 389 2492 esse
409 2437 579 2508 invenimus3
600 2436 648 2492 sed
669 2454 721 2512 pro
741 2437 783 2491 itis
801 2432 988 2492 introductum
1009 2448 1053 2492 est
1070 2449 1103 2494 et
1118 2457 1196 2515 prae·

231 2511 320 2566 iatum
340 2509 549 2580 iusiurandum,
570 2519 598 2564 et
618 2519 647 2566 ut
663 2511 806 2584 improbus
820 2510 943 2584 litigator
956 2511 1042 2566 etiam
1063 2512 1195 2568 damnum

204 2593 262 2640 tet
274 2585 413 2657 impensas
429 2582 482 2636 litis
498 2582 602 2638 intente
619 2582 778 2639 adversario
798 2602 848 2639 suo
869 2583 1031 2655 cogatur⁴).
1072 2585 1120 2641 Ex
1139 2588 1196 2662 qui-

213 2703 215 2708 ,
233 2657 349 2712 busdam
371 2655 479 2712 iudiciis
500 2655 624 2711 damnati
645 2657 820 2730 ignominiosi
839 2656 929 2729 fiunt,
957 2657 1044 2712 veluti
1064 2658 1155 2728 furti,
1174 2660 1196 2714 ti

232 2733 369 2788 bonorum
395 2739 557 2805 raptorum,
590 2730 767 2803 iniuriarum,
803 2731 838 2786 de
866 2729 953 2805 dolo,
987 2731 1053 2800 item
1085 2735 1195 2802 tutelas,

230 2803 373 2877 mandati,
394 2804 530 2880 depositi,
549 2803 660 2861 directis
673 2822 730 2859 non
745 2804 889 2860 contrariis
904 2803 1077 2876 actionibus,
1099 2807 1195 2880 item‘)

232 2894 283 3008 fro
303 2879 388 2951 socio,
406 2895 480 2954 quae
500 2879 536 2934 ab
557 2888 674 2952 utraque
694 2888 774 2951 parte
793 2877 899 2934 directa
919 2887 961 2933 est
979 2878 1024 2950 (et
1038 2880 1077 2934 oh
1094 2880 1123 2934 id
1138 2877 1195 2956 qui-

243 2953 299 3008 ibet
325 2971 361 3008 ex
388 2953 485 3024 sociis,
509 2971 544 3008 eo
569 2951 671 3008 iudicio
691 2952 854 3024 damnatus,
881 2951 1036 3024 ignominia
1057 2951 1194 3028 notatur).

231 3027 281 3081 sed
301 3026 368 3082 furti
388 3026 517 3101 quidem,
545 3034 593 3080 aut
618 3027 643 3080 vi
667 3025 804 3081 bonorum
825 3035 985 3113 raptorum,
1011 3035 1061 3081 aut
1082 3027 1195 3084 iniuria·

232 3116 311 3166 rum,
330 3107 378 3154 aut
398 3099 533 3171 dedolo,
554 3117 609 3153 nou
630 3098 718 3155 solum
739 3098 864 3155 damuati
883 3107 1017 3154 notantur
1031 3100 1194 3174 ignominia,

289 3277 313 3325 a)
330 3271 376 3316 uei.
396 3282 418 3316 n.
439 3273 510 3322 tutati,
534 3293 561 3303 -
603 3273 627 3322 bt
647 3284 682 3326 u,
708 3275 771 3328 quod
790 3283 838 3318 aaa
859 3247 1015 3318 catanaamtdt
1035 3275 1115 3318 anano
1137 3277 1195 3320 laten

232 3327 603 3438 mffigt,-seae5nsgtftmimo,
625 3329 707 3373 bonam
727 3340 821 3374 causam
841 3329 932 3374 autera.
952 3350 981 3364 -
1025 3334 1048 3383 o)
1067 3333 1152 3376 adm.
1170 3353 1195 3364 -

263 3504 610 3559 atcat.1v‚ttt...1sa,-
638 3508 662 3560 2)
678 3510 695 3554 1.
730 3508 801 3553 nolio.
830 3510 860 3554 D.
875 3508 930 3554 iam.
946 3505 1112 3564 assisam.
1129 3513 1147 3556 1.
1159 3511 1195 3556 tt.

231 3563 263 3605 ds
271 3563 343 3613 oolig.
352 3559 421 3614 quasi
429 3571 461 3604 sx
469 3565 542 3606 contr.
551 3565 592 3619 111,
601 3563 631 3607 tt
639 3565 696 3616 (ἵε).
731 3565 786 3618 §.t
809 3565 837 3610 0.
854 3566 884 3608 ds
899 3564 995 3610 iuretur.
1012 3577 1033 3618 ρ.
1049 3567 1096 3611 ool.
1112 3568 1143 3618 11,
1158 3567 1195 3612 a&

234 3621 258 3672 s.
276 3615 542 3670 t.;ueacuon.1v,6
564 3621 588 3673 s.
606 3619 695 3665 ttttss.
729 3621 871 3665 1.s.-1t.
888 3620 1026 3665 uoluntatis
1040 3622 1069 3676 V,
1090 3621 1194 3666 tati.

233 3695 262 3704 -
281 3674 305 3723 a)
322 3673 348 3714 c.
368 3672 398 3713 ds
419 3671 512 3716 iudiciis
526 3677 567 3728 ΠΙ,
586 3677 605 3720 1,
625 3677 642 3718 l.
659 3676 695 3719 14.
730 3687 765 3726 nr.
794 3677 821 3722 c.
836 3679 880 3720 Ta.
902 3677 932 3720 do
951 3675 1020 3720 irunt.
1035 3680 1060 3721 st
1072 3677 1125 3722 tuis
1141 3689 1194 3732 sxa.

232 3728 288 3779 §.L
304 3747 332 3757 —
347 3725 370 3775 4)
386 3727 439 3770 Lux
453 3729 694 3782 sorvillarenatuud.
730 3733 825 3788 1v‚tt3.
855 3733 914 3777 (1.1.
930 3733 1111 3789 summat.

234 3793 254 3824 o.
269 3781 292 3823 8.
321 3781 409 3826 Ascua.
425 3784 481 3829 Pet.
497 3785 521 3828 in
537 3785 584 3830 Cia.
600 3797 622 3838 n.
635 3785 696 3830 Cor-
