2536 4334
69 339 222 398 insntrun,
244 337 337 412 Quin.
347 357 424 396 non.
436 356 558 398 rosror.
569 355 656 396 sonv.
670 338 694 408 Ι,
707 343 755 396 ta.
766 338 817 396 Pr.
835 337 867 420 ᾖ.
877 346 967 398 1-1.
992 339 1045 404 25·

292 486 485 539 'rtTuLth
510 485 812 538 Duonttctntus.

73 591 105 670 1)
121 583 314 664 QUIBUS
346 584 513 651 MODIS
546 585 629 650 lUS
664 584 1036 667 Potastatlsa)

411 683 695 750 SOLVITUR.
1063 713 1065 718 ’

125 802 280 858 Videamus
298 822 394 875 nune,
416 803 516 878 quibus
535 802 625 858 modis
643 803 687 874 hi,
711 803 758 877 qni
776 803 867 859 aiieno
886 803 938 858 iuri
960 805 1073 860 σιώ-νε

69 877 136 933 ieeti
154 887 235 944 suut,
256 895 291 932 eo
312 877 374 933 iure
393 875 547 933 liberantur
558 871 594 950 Ι1).

127 949 169 1006 Et·
184 950 296 1078 ‹puidem
316 951 388 1006 servi
407 949 643 1026 quemadmodum
659 956 798 1023 potestate
815 949 978 1020 liberantur,
998 970 1034 1008 ex

69 1026 114 1080 tris
131 1025 187 1080 iote
208 1042 292 1098 egere
310 1042 474 1101 possumus,
494 1041 567 1099 quae
586 1023 622 1079 de
641 1023 726 1078 servis
742 1024 969 1082 manumittendis
985 1043 1035 1095 sn-

68 1099 165 1174 perius
177 1096 203 1173 ²)
226 1099 415 1175 exposuimus.

127 1173 164 1226 Hi
181 1190 266 1241 vero,
292 1173 385 1247 quiin
405 1180 544 1247 potestate
564 1170 688 1244 parentis
707 1179 786 1239 sunt,
807 1181 916 1227 mortuo
939 1190 973 1229 eo
994 1173 1037 1228 sui

68 1246 138 1302 iuris
163 1244 242 1302 fiunt.
280 1245 340 1302 Sed
365 1245 420 1302 hoo
449 1244 652 1301 distinctionem
683 1243 790 1317 recipit.
825 1243 899 1300 Nam
925 1255 1039 1302 mortuo

68 1331 152 1396 patre
172 1339 240 1376 sane
260 1319 421 1376 omnimodo
442 1318 490 1373 iiiii
508 1317 617 1374 filiaeve
636 1318 677 1372 sui
693 1317 760 1372 iuris
776 1315 940 1374 efficiuntur.
959 1339 1037 1375 mor-

67 1407 121 1449 tuo
149 1411 214 1449 vero
242 1411 311 1467 avo,
338 1413 393 1449 non
415 1392 576 1450 omnimodo
597 1399 715 1466 nepotes
733 1401 889 1467 neptesque
908 1394 950 1447 sui
969 1395 1037 1448 iuris

68 1467 156 1538 finnt,
176 1467 226 1523 sed
246 1469 302 1536 ita,
321 1469 344 1523 si
365 1477 430 1542 post
449 1476 567 1522 mortem
588 1467 632 1521 avi
651 1467 679 1520 in
702 1475 869 1541 potestatem
891 1466 977 1542 patris
994 1469 1036 1522 sui

69 1541 194 1598 recasuri
218 1559 277 1597 non
295 1549 376 1598 sunt:
404 1542 500 1615 itaque
519 1541 542 1595 si
561 1540 698 1596 moriente
720 1558 771 1595 avo
791 1551 872 1614 pater
890 1558 987 1597 eorum
1008 1552 1036 1596 et

70 1616 152 1684 vivit,
179 1625 207 1671 et
226 1616 254 1670 in
273 1624 412 1691 potestate
432 1614 580 1688 patrissui
600 1623 666 1682 est,
695 1623 763 1668 tunc
783 1623 846 1689 post
866 1615 971 1670 obitum
992 1617 1035 1670 avi

69 1691 99 1744 in
119 1699 258 1764 potestate
277 1689 365 1764 patris
386 1689 427 1744 sui
444 1687 530 1759 fiunt3
557 1688 579 1740 si
599 1705 664 1742 vero
684 1687 725 1754 is,
744 1704 800 1762 quo
822 1699 949 1763 tempore
969 1707 1037 1744 avus

71 1764 205 1835 moritur,
234 1775 281 1818 aut
308 1764 363 1818 iam
386 1771 511 1817 mortuos
529 1771 585 1830 est,
613 1770 661 1814 aut
680 1761 747 1816 exiit
768 1761 804 1817 de
823 1773 963 1836 potestate
982 1781 1037 1838 pa-

70 1837 140 1906 tris,
169 1846 234 1892 tune
253 1837 298 1910 iti,
326 1832 427 1911 quiae)
453 1835 483 1888 in
504 1843 670 1908 potestatem
692 1836 751 1889 eius
770 1835 872 1890 eadere
891 1855 948 1891 non
968 1854 1037 1910 pos-

69 1921 152 1981 sunt,
181 1911 223 1965 sui
248 1911 314 1966 iuris
341 1905 461 1982 fiunt³).
519 1907 591 1963 Cum
618 1918 711 1963 antem
734 1908 772 1979 is,
801 1909 848 1982 qui
867 1909 903 1963 ob
923 1909 1064 1982 aliquod¹

68 1983 239 2040 maleficium
259 1985 286 2039 in
308 1983 425 2038 insuiam
444 1981 623 2056 deportatur,
645 1982 782 2036 civitatem
803 1983 920 2040 amittit:
940 1983 1036 2057 sequi-

69 2069 133 2126 tur,
160 2067 210 2127 ut,
240 2059 286 2132 qui
312 2075 345 2112 eo
357 2056 383 2130 d)
412 2055 496 2111 modo
521 2073 557 2110 ex
584 2073 699 2110 numero
726 2056 825 2110 civium
844 2055 1035 2111 Romanorum

68 2131 193 2198 tollitur,
211 2130 328 2207 perinde
339 2125 363 2204 e)
384 2129 441 2184 acsi
460 2139 569 2185 mortuo
587 2147 636 2200 eo,
658 2129 787 2184 desinant
806 2129 885 2184 tiberi
905 2129 934 2184 in
952 2139 1036 2205 pote-

68 2216 143 2260 state
164 2207 224 2260 eins
242 2223 312 2262 esse.
339 2204 401 2278 pari
423 2203 531 2258 ratione
550 2211 578 2258 et
597 2202 619 2258 si
641 2202 682 2270 is,
708 2203 756 2277 qui
776 2203 802 2257 in
822 2213 963 2277 potestate
982 2221 1036 2279 pa-

68 2279 158 2334 rentis
177 2279 229 2351 sit,
248 2280 276 2333 in
295 2277 412 2333 insulam
433 2277 596 2351 deportatus
614 2274 717 2344 suerit,
736 2275 836 2332 desinit
851 2278 880 2332 in
898 2287 1036 2352 potestate

69 2352 197 2427 parentis
221 2369 290 2408 esse.
347 2349 406 2406 Sed
433 2350 456 2404 si
478 2345 519 2406 e'x
544 2349 716 2424 induigentia
744 2351 890 2424 principaii
917 2352 1035 2407 restituti

68 2426 194 2496 fuerint,
215 2444 268 2501 per
288 2425 382 2480 omnia
392 2421 415 2496 ¹)
434 2423 578 2497 pristinum
599 2434 700 2479 statum
721 2424 859 2499 recipiunt
872 2423 910 2500 ⁴).
948 2425 1067 2481 Rem-2

71 2501 130 2574 gati
155 2509 248 2555 autem
268 2510 363 2576 patres
381 2497 409 2552 in
429 2497 564 2568 insulam,
591 2497 618 2552 in
639 2507 779 2572 potestate
799 2515 849 2552 soa
869 2498 973 2554 liberos
990 2517 1038 2556 re—

67 2574 169 2629 tinent.
189 2583 217 2628 et
235 2591 271 2630 ex
292 2571 431 2628 contrario
451 2570 529 2625 tiberi
551 2570 666 2645 relegati
685 2573 712 2625 in
734 2581 873 2646 potestate
888 2582 1035 2647 parentum

69 2657 219 2703 remanent
228 2645 266 2724 ⁵).
304 2645 418 2701 Poenae
436 2662 531 2700 servus
552 2643 668 2700 effectus
687 2644 758 2700 filios
777 2645 806 2699 in
828 2656 967 2720 potestate
983 2647 1068 2702 her-a

71 2725 139 2788 bere
166 2716 274 2777 desinit.
311 2719 392 2776 Servi
411 2727 503 2774 autem
524 2735 634 2791 poenae
654 2715 825 2786 efficiuntur,
853 2719 901 2794 qui
925 2720 952 2773 in
974 2737 1036 2775 me-

70 2795 168 2850 talium
189 2795 372 2863 damnantur,
392 2803 420 2847 et
440 2791 487 2866 qui
507 2791 601 2846 bestiis
620 2784 848 2863 subiiciuntnr⁶).
893 2797 903 2824 ⁷
930 2791 1066 2848 Filius-t

68 2868 192 2924 familias
216 2869 239 2924 si
265 2866 437 2938 militaverit,
462 2864 504 2920 vel
524 2865 548 2918 si
568 2871 696 2939 senator,
722 2865 763 2920 vel
785 2861 903 2920 consui³
948 2863 1035 2920 fuerit

67 2941 182 3009 t'actns,
209 2951 304 2998 manet
323 2941 352 2995 in
371 2940 457 3015 patris
474 2947 622 3013 potestate.
644 2937 739 2992 militia
759 2939 847 3008 enim,
868 2938 910 2994 vei
930 2957 1036 2995 eonsu-

69 3016 142 3070 laria
152 3011 179 3091 s)
199 3015 319 3092 dignitas
337 3014 372 3069 de
391 3013 477 3090 patris
496 3020 634 3086 potestate
651 3011 737 3066 fitium
755 3029 812 3066 non
827 3011 935 3070 liberat.
973 3012 1032 3070 Sed

131 3192 154 3240 a)
169 3191 261 3244 potitae
273 3191 378 3244 11,-1»)
393 3189 571 3232 ltterentnr.-
589 3188 610 3238 e)
625 3187 712 3242 qut—
733 3188 756 3238 d)
771 3189 965 3243 orato..‚eoout
986 3212 1035 3232 .-

68 3248 96 3298 ο)
111 3247 160 3300 eat,
174 3245 292 3291 notemur·
307 3269 336 3278 -
364 3242 451 3298 fif-v.
467 3255 501 3299 0·‚
518 3265 546 3276 -
574 3246 599 3296 g)
612 3244 750 3288 consuturis.

103 3371 127 3422 1)
142 3369 191 3414 cat.
213 3373 235 3421 1,
258 3370 310 3415 tat.
325 3368 412 3414 ..tua
440 3367 536 3420 Ulpian.
570 3365 608 3409 dn.
624 3391 652 3400 -
680 3367 1035 3421 5)l).deinterdintisX1.V111‚

70 3425 102 3470 Χ.
125 3425 194 3470 Paul.
209 3427 315 3480 sentit,
331 3427 368 3470 25.
390 3426 419 3468 D.
432 3424 461 3466 de
476 3424 537 3467 ado·
571 3423 609 3466 21.
625 3422 714 3466 1.t.-
742 3425 767 3474 6)
781 3423 843 3467 Ptin.
859 3434 895 3475 ep.
911 3425 940 3478 X,
949 3423 1034 3466 tout,

70 3481 148 3536 ption.
161 3484 181 3538 1,
195 3484 217 3526 7.
246 3483 272 3528 0.
294 3483 323 3526 de
343 3479 534 3534 emancipvtlt,
570 3481 588 3521 1.
604 3479 701 3531 deoap.
716 3479 798 3522 minut.
814 3481 837 3535 t,
855 3481 891 3524 16.
912 3479 936 3533 S.
954 3480 975 3523 t.
1004 3480 1034 3522 D.

70 3537 126 3589 494
146 3538 176 3582 de
191 3537 295 3591 postlim.
310 3548 361 3582 rev.
375 3537 492 3593 vttl‚,5t.
508 3561 536 3568 -
571 3533 601 3578 tte
615 3535 698 3587 poenis
712 3536 820 3588 xhvsst,
840 3535 875 3578 19.
897 3535 912 3578 l.
928 3535 951 3578 8.
972 3534 996 3588 s.
1011 3536 1034 3578 8.

71 3595 97 3645 2)
112 3595 132 3636 1.
146 3595 176 3638 de
190 3595 266 3639 libert.
281 3596 299 3648 1,
314 3596 337 3638 5.
352 3594 375 3648 S.
387 3595 407 3636 i.
422 3615 450 3626 -
470 3593 534 3645 3)st
572 3594 608 3635 tt.
622 3592 657 3635 ta.
673 3593 688 3634 1.
699 3591 734 3635 ta.
752 3590 788 3633 tt.
801 3601 834 3642 pt.
850 3590 887 3634 29.
900 3613 928 3622 —
944 3589 1035 3642 tinto-

72 3648 172 3703 dehis,
194 3653 234 3704 qui
249 3649 286 3694 ani
301 3653 319 3706 t,
334 3651 357 3694 6.
378 3651 395 3691 1.
410 3649 432 3691 5.
454 3669 483 3680 -
511 3647 535 3699 1)
570 3657 623 3700 aya.
644 3646 721 3690 Helio.
740 3648 776 3697 tt,
799 3646 836 3690 26.
856 3671 884 3679 -
912 3649 937 3700 8)
953 3648 981 3692 lt.
1005 3648 1036 3690 tte

72 3707 131 3749 Tan.
148 3707 203 3752 hist.
218 3710 252 3760 11,
267 3707 305 3750 91.
335 3706 402 3750 Paul.
418 3710 478 3748 serit.
493 3705 533 3758 tv,
570 3705 651 3755 adopt.
667 3705 690 3756 1,
705 3705 725 3745 7.
747 3704 811 3755 1.3.;
834 3704 865 3746 ao
881 3705 925 3748 sc.
941 3705 1033 3748 Maced.

71 3763 96 3815 8,
112 3762 151 3807 u.
172 3764 201 3806 1).
218 3763 248 3806 de
262 3767 322 3805 sent.
338 3760 418 3815 passis
428 3761 534 3811 ΧΙΝΙΙΙ,
571 3762 632 3817 XIV,
648 3759 670 3803 6.
687 3761 701 3802 1.
716 3760 736 3803 t.
751 3759 774 3814 s.
791 3759 806 3801 1.

72 3817 111 3861 tta
136 3819 163 3864 c.
179 3819 230 3863 eod.
245 3819 285 3874 IX,
301 3820 340 3874 51,
357 3817 504 3871 praesertim.
519 3818 535 3859 1.

115 3901 180 3944 Inar.
194 3901 383 3943 inmmurmnns.
422 3898 427 3906 '
849 3872 873 3925 η
