2548 4342
197 295 260 359 ’74
301 297 451 354 lnsrrror.
476 293 568 366 Quin.
581 309 645 350 non
659 309 713 348 sar
727 306 824 348 ruunt.
835 305 902 346 nro.
920 287 961 358 11,
975 292 1025 344 te.
1043 286 1180 368 §.r-ts.

215 462 388 520 quamquam
414 443 474 498 iure
501 441 572 497 ciriii
594 439 735 504 omnium,
763 437 810 512 qui
830 437 858 490 io
876 443 1015 509 potestate
1034 443 1181 510 parentum

216 528 298 591 suot,
320 517 429 594 peculia
471 513 567 569 eriode
587 513 614 566 in
636 513 714 566 bonis
734 520 882 584 parentum
900 518 1108 583 computantur,
1128 508 1186 564 acsi

217 610 361 650 serrorum
382 534 491 665 pecuiia
511 588 538 642 in
559 586 637 641 bonis
654 585 829 640 dominorum
843 592 1039 640 numerantur:
1060 582 1185 656 exceptis

219 665 348 722 videlicet
369 665 426 734 bis,
453 679 543 736 quae,
564 677 599 715 ex
619 660 704 714 sacris
725 657 964 713 constitutionibus
985 667 1013 712 et
1054 657 1185 731 raecipue

219 740 334 810 nostris,
360 745 476 810 propter
493 734 615 789 diversas
636 749 733 788 causas
753 749 808 786 ooo
830 731 1011 805 acquiruntur
1021 675 1058 805 ’ς
1097 729 1186 786 Prae·

221 825 263 869 ter
287 813 339 866 bos
366 810 466 882 igitur,
494 807 541 880 qui
560 817 700 862 castrense
721 805 859 878 peculium
881 803 922 858 rel
942 805 1021 879 quasi
1044 812 1186 860 castrense

220 885 341 954 babent,
368 885 390 938 si
407 883 468 958 quis
488 881 558 936 aiios
573 880 765 936 filiusfamilias
786 887 981 934 testamentum
1001 877 1120 949 fecerit,
1142 877 1187 932 io-

194 973 205 1016 t
222 959 288 1014 utile
309 969 366 1027 est,
389 956 454 1012 licet
472 973 540 1011 suae
560 955 706 1031 potestatis
725 952 814 1008 sactus
836 951 996 1008 decesserit.
1033 950 1188 1007 Praeterea

220 1040 417 1089 testamentum
437 1029 531 1086 iacere
548 1047 603 1084 non
625 1037 741 1102 possunt
757 1026 977 1098 irnpuberes⁵),
997 1025 1187 1100 quianullum

221 1123 319 1162 eorum
339 1105 422 1159 animi
442 1103 572 1158 iudicium
593 1112 650 1174 est;
676 1102 741 1155 item
760 1100 858 1154 furiosi
868 1097 916 1172 ⁶),
939 1099 1004 1173 quia
1022 1107 1117 1154 mente
1138 1116 1189 1154 ca-

221 1189 291 1235 rent.
311 1196 362 1234 nec
378 1177 487 1232 adrem
503 1176 643 1250 pertinet,
665 1174 687 1229 si
702 1174 845 1248 impubes,
864 1182 961 1246 postea
977 1173 1065 1246 pubes
1080 1173 1186 1244 iactus,

221 1261 269 1308 aut
288 1251 424 1322 furiosus,
453 1261 551 1326 postea
573 1266 687 1322 compos
707 1248 807 1302 mentis
826 1245 916 1301 sactus
934 1245 1019 1301 suerit
1040 1256 1068 1302 et
1087 1246 1188 1302 deces-

220 1327 295 1383 serit.
334 1325 430 1380 t'uriosi
459 1334 568 1393 autem,
596 1323 618 1376 si
644 1339 696 1395 per
715 1320 742 1375 id
767 1331 877 1394 tempus
895 1319 1014 1375 fecerint
1034 1329 1188 1376 testamen·

220 1411 297 1469 tum,
326 1418 381 1474 quo
409 1397 488 1453 furor
514 1415 611 1453 eorum
636 1393 807 1450 intermissus
834 1404 898 1466 est,
927 1394 987 1450 iure
1008 1395 1102 1449 testati
1126 1413 1187 1451 esse

221 1473 365 1546 videntum
386 1482 462 1527 certe
478 1489 530 1541 eo,
550 1468 626 1544 quod
648 1477 712 1523 aute
726 1464 848 1523 furorem
865 1467 999 1540 iecerint,
1018 1477 1186 1524 testamento

221 1547 347 1602 valente:
375 1563 438 1600 narn
465 1561 556 1618 neque
580 1552 747 1598 testamenta
773 1552 848 1596 recte
874 1540 965 1613 iacta,
991 1559 1084 1616 neque
1112 1541 1187 1598 aliud

224 1620 307 1675 ulium
325 1621 469 1692 negotium
488 1627 563 1672 recte
583 1626 690 1690 gestum
711 1625 809 1690 postea
830 1614 910 1670 soror
927 1615 1116 1671 interveniens
1135 1633 1187 1690 pe-

193 1693 306 1749 erimit.
352 1692 420 1746 itero
447 1691 596 1765 prodigus,
625 1690 669 1744 cui
694 1691 829 1744 bonorum
850 1707 962 1744 suorum
984 1687 1187 1746 administratio

222 1766 368 1822 interdicta
382 1775 437 1837 est,
459 1773 654 1820 testamentum
669 1762 763 1819 facere
777 1781 832 1817 non
848 1773 962 1836 potest,
982 1761 1032 1818 sed
1046 1762 1091 1834 id,
1112 1762 1187 1837 quod

223 1850 288 1898 ante
307 1839 421 1910 iecerit,
443 1856 526 1912 quam
540 1837 698 1892 interdictio
714 1837 739 1892 ei
756 1837 892 1891 bonorum
907 1835 972 1904 fiat,
992 1847 1083 1892 ratum
1097 1833 1188 1912 est⁷).

192 1913 292 1970 altem
312 1924 403 1969 mutus
422 1921 450 1968 et
469 1911 568 1968 surdus
588 1929 642 1965 nou
663 1927 773 1983 semper
792 1919 992 1978 testamentum
1006 1909 1100 1966 facere
1119 1927 1189 1984 pos·

222 1995 330 2056 suntt).
370 1986 479 2061 (utique
499 1994 592 2041 autem
615 1983 651 2039 de
670 2001 705 2038 eo
723 1983 808 2038 surdo
829 1984 983 2058 ioquitnur‚
1003 1983 1051 2058 qui
1071 1984 1188 2038 omnino

221 2080 277 2116 non
306 2059 436 2132 exaudit,
468 2078 524 2115 non
553 2058 600 2132 qui
628 2057 708 2112 tarde
735 2057 866 2128 exaudit3
897 2074 961 2112 nam
991 2068 1020 2112 et
1045 2066 1138 2112 mutus
1165 2059 1189 2113 is

221 2133 407 2208 intellegitur,
436 2133 483 2206 qui
510 2132 554 2187 elo
577 2131 604 2185 ui
629 2131 696 2185 nibii
722 2140 831 2204 potest,
853 2148 909 2184 non
929 2129 976 2205 qui
996 2131 1076 2186 tarde
1096 2131 1190 2206 ioqui·

222 2209 289 2280 tur.)
310 2223 395 2280 saepe
415 2202 538 2280 errant)
557 2149 667 2259 (iiterati
688 2214 716 2260 et
740 2204 841 2260 eruditi
862 2203 989 2259 immines
1008 2205 1090 2259 variis
1114 2205 1191 2260 casi-

222 2276 311 2354 bust)
341 2291 369 2334 et
396 2278 527 2335 audiendi
551 2289 578 2333 et
599 2277 732 2352 loquendi
752 2277 912 2333 facultatem
933 2277 1082 2335 amittunt:
1112 2278 1189 2334 uude

223 2362 318 2408 nostra
345 2353 503 2408 constitutio
529 2353 611 2408 etiam
639 2353 681 2408 bis
707 2351 852 2422 subvenit,
880 2361 908 2406 ut
929 2351 1011 2406 certis
1031 2352 1141 2408 casibus
1159 2363 1190 2408 et

223 2426 332 2494 modis,
357 2427 509 2482 secundum
536 2443 661 2481 normam
688 2426 765 2497 eius,
798 2427 904 2500 possint
929 2425 1046 2496 testari,
1076 2426 1189 2501 aliaque

223 2501 336 2566 iacere,
361 2517 434 2574 quae
461 2501 501 2556 eis
527 2500 661 2573 permissa
686 2510 759 2554 suut.
798 2498 847 2554 sed
869 2499 987 2574 siquis,
1015 2509 1079 2572 post
1101 2509 1190 2555 testa-

223 2582 347 2628 mentum
374 2572 496 2644 sactum,
526 2573 683 2628 valetudine
708 2582 756 2627 aut
780 2572 904 2646 quolibet
930 2573 983 2628 aiio
1009 2591 1075 2628 casu
1095 2583 1190 2630 mutus

225 2655 273 2702 aut
292 2645 391 2701 surdus
411 2663 471 2702 esse
493 2647 638 2720 coeperit,
664 2654 753 2701 ratum
773 2645 951 2702 nibilominus
966 2646 1025 2702 eius
1041 2657 1191 2720 permanet

194 2721 468 2792 ttestamenturn⁸).
521 2720 630 2776 Caecus
655 2729 747 2775 autem
775 2738 831 2775 nou
861 2729 953 2791 potest
980 2719 1074 2776 iacere
1099 2730 1190 2777 testa-

224 2804 364 2865 mentum,
392 2792 443 2846 nisi
471 2811 523 2867 per
549 2795 788 2865 observationem,
817 2811 899 2868 quam
929 2793 973 2848 iex
1000 2793 1055 2848 diri
1080 2793 1188 2868 lustini,

194 2869 311 2942 opatris
332 2866 386 2922 mei
396 2863 435 2940 f),
455 2863 655 2941 introduxit⁹).
693 2867 777 2935 Eius,
793 2867 841 2941 qui
860 2867 934 2940 apud
956 2865 1050 2923 hostes
1065 2878 1124 2936 est,
1144 2879 1190 2924 te-

224 2951 402 3008 stamentum,
418 2940 493 3014 quod
510 2941 548 2996 ibi
563 2941 645 3012 fecit,
666 2959 721 2996 oon
737 2940 828 3010 vaiet,
849 2940 974 3015 quamvis
987 2941 1118 2999 redierit:
1138 2942 1189 2999 sed

223 3013 311 3088 quod,
331 3013 397 3069 dum
419 3013 446 3068 io
463 3015 574 3071 civitate
589 3014 689 3086 suerat,
709 3013 795 3084 iecit,
816 3014 872 3069 sire
887 3014 1016 3086 redierit,
1038 3015 1110 3072 vaiet
1127 3015 1190 3073 iure

222 3087 406 3161 postliminii,
426 3087 483 3144 sive
500 3088 554 3143 iiiio
571 3087 741 3158 decesserit,
763 3087 834 3143 ralct
853 3105 889 3142 ex
910 3087 973 3162 iege
988 3087 1121 3146 Cornelia
1132 3086 1188 3166 ¹⁰).

221 3205 441 3218 *¹*—

278 3266 299 3316 o)
313 3264 396 3317 potest.
411 3284 439 3296 -
468 3264 492 3314 d)
506 3263 566 3306 cutm
580 3273 600 3306 e.
614 3285 642 3295 -
671 3265 694 3314 e)
707 3263 791 3306 conns.
807 3283 835 3294 —
865 3261 979 3313 bttosbt.

251 3387 274 3438 t)
290 3389 307 3430 1.
323 3395 441 3440 perones
457 3389 565 3440 persii,
581 3385 604 3429 9.
626 3385 650 3439 S.
665 3386 687 3429 1.
721 3386 745 3432 8)
760 3386 788 3429 Ι).
809 3388 832 3429 b.
855 3386 870 3428 1.
886 3385 908 3429 6.
932 3385 956 3440 s.
973 3386 994 3429 t.
1017 3387 1032 3428 1.
1049 3386 1070 3429 7.
1094 3387 1131 3432 16.
1153 3399 1190 3441 pr.

221 3441 688 3495 -a>b.u.1..ttt.c.n.1.4.-
723 3441 1188 3492 c.n.1.t⁰.—9)c.n.1.t.t.-

219 3499 246 3550 11)
260 3500 289 3543 l).
305 3500 328 3542 b.
343 3499 359 3542 1.
375 3500 424 3544 2.1
473 3498 635 3552 3.1.1.17.;
658 3498 688 3540 de
724 3497 912 3549 retrursus.
928 3497 1049 3548 ειη-1).
1065 3499 1190 3552 decepti-

221 3553 284 3598 inott.
300 3557 356 3598 test.
372 3556 401 3612 v,
418 3557 439 3600 2.
464 3585 475 3609 s
489 3555 511 3598 2.
526 3555 552 3598 C.
569 3556 590 3598 b.
606 3555 652 3598 11.
664 3555 687 3597 3.
722 3552 761 3596 ris
777 3553 859 3604 XLIX,
877 3554 913 3596 15.
928 3553 944 3595 1.
957 3553 994 3595 22.
1010 3553 1048 3598 30.
1064 3555 1090 3608 s.
1105 3555 1141 3608 1.,
1157 3555 1190 3599 de

220 3619 256 3661 pr.
271 3611 287 3654 1.
302 3609 324 3654 o.
344 3631 372 3643 ·-
402 3613 425 3665 7)
441 3611 509 3657 bru.
525 3612 540 3654 1.
559 3611 595 3655 18.
610 3622 645 3664 pr.
660 3630 687 3642 -
723 3608 813 3653 iniusto
829 3611 898 3661 rupto
913 3609 1020 3666 xxvtll,
1036 3611 1059 3654 3.
1075 3611 1091 3653 l.
1108 3611 1154 3666 te.

514 3758 523 3778 x

520 3788 529 3816 t,

1037 4122 1048 4142 0
1073 4117 1094 4140 ιθ

785 4187 798 4202 Α.
1162 4190 1246 4199 --VA-

28 4188 414 4280 m
706 4181 1114 4280 Μ
881 4276 883 4279 ,
1104 4265 1114 4279 .
