<?xml version="1.0" encoding="UTF-8"?>
<!DOCTYPE html PUBLIC "-//W3C//DTD XHTML 1.0 Transitional//EN"
    "http://www.w3.org/TR/xhtml1/DTD/xhtml1-transitional.dtd">
<html xmlns="http://www.w3.org/1999/xhtml" xml:lang="en" lang="en">
 <head>
  <title>
</title>
<meta http-equiv="Content-Type" content="text/html;charset=utf-8" />
  <meta name='ocr-system' content='tesseract 3.04.00' />
  <meta name='ocr-capabilities' content='ocr_page ocr_carea ocr_par ocr_line ocrx_word'/>
</head>
<body>
  <div class='ocr_page' id='page_1' title='image "./imperatorisjust00schrgoog_0204.png"; bbox 0 0 2516 4328; ppageno 0'>
   <div class='ocr_carea' id='block_1_1' title="bbox 41 295 991 382">
    <p class='ocr_par' dir='ltr' id='par_1_1' title="bbox 41 295 991 382">
     <span class='ocr_line' id='line_1_1' title="bbox 41 295 991 382; baseline 0.008 -26"><span class='ocrx_word' id='word_1_1' title='bbox 41 299 216 360; x_wconf 71' lang='lat' dir='ltr'>lascarus.</span> <span class='ocrx_word' id='word_1_2' title='bbox 240 295 291 358; x_wconf 81' lang='lat' dir='ltr'>lla</span> <span class='ocrx_word' id='word_1_3' title='bbox 307 313 578 360; x_wconf 72' lang='lat' dir='ltr'>serrensrroumns</span> <span class='ocrx_word' id='word_1_4' title='bbox 594 298 714 370; x_wconf 84' lang='lat' dir='ltr'>1v‚sr.</span> <span class='ocrx_word' id='word_1_5' title='bbox 734 297 766 382; x_wconf 79' lang='lat'>§-</span> <span class='ocrx_word' id='word_1_6' title='bbox 780 305 880 360; x_wconf 76' lang='lat' dir='ltr'>t·--t.</span> <span class='ocrx_word' id='word_1_7' title='bbox 928 301 991 368; x_wconf 83' lang='lat'>187</span> 
     </span>
    </p>
   </div>
   <div class='ocr_carea' id='block_1_2' title="bbox 9 445 1028 3184">
    <p class='ocr_par' dir='ltr' id='par_1_2' title="bbox 9 445 1016 1110">
     <span class='ocr_line' id='line_1_2' title="bbox 9 445 989 522; baseline 0.004 -18"><span class='ocrx_word' id='word_1_8' title='bbox 9 447 173 504; x_wconf 86' lang='lat' dir='ltr'>uciebant.</span> <span class='ocrx_word' id='word_1_9' title='bbox 210 445 260 504; x_wconf 88' lang='lat' dir='ltr'>sed</span> <span class='ocrx_word' id='word_1_10' title='bbox 277 445 430 522; x_wconf 88' lang='lat' dir='ltr'>aliquando</span> <span class='ocrx_word' id='word_1_11' title='bbox 445 446 489 504; x_wconf 88' lang='lat' dir='ltr'>his</span> <span class='ocrx_word' id='word_1_12' title='bbox 502 447 650 522; x_wconf 77' lang='lat' dir='ltr'>agentibus</span> <span class='ocrx_word' id='word_1_13' title='bbox 663 447 809 506; x_wconf 71' lang='lat' dir='ltr'><strong>satisdatio</strong></span> <span class='ocrx_word' id='word_1_14' title='bbox 824 450 989 508; x_wconf 87' lang='lat' dir='ltr'>remitteba-</span> 
     </span>
     <span class='ocr_line' id='line_1_3' title="bbox 9 519 1016 596; baseline 0.002 -19"><span class='ocrx_word' id='word_1_15' title='bbox 9 523 114 589; x_wconf 59' lang='lat' dir='ltr'>ur2).1</span> <span class='ocrx_word' id='word_1_16' title='bbox 152 520 232 578; x_wconf 85' lang='lat' dir='ltr'>llaec</span> <span class='ocrx_word' id='word_1_17' title='bbox 257 519 297 576; x_wconf 90' lang='lat' dir='ltr'>ita</span> <span class='ocrx_word' id='word_1_18' title='bbox 315 531 411 594; x_wconf 85' lang='lat' dir='ltr'>eraut,</span> <span class='ocrx_word' id='word_1_19' title='bbox 437 521 460 578; x_wconf 91' lang='lat' dir='ltr'>si</span> <span class='ocrx_word' id='word_1_20' title='bbox 482 521 509 578; x_wconf 92' lang='lat' dir='ltr'>in</span> <span class='ocrx_word' id='word_1_21' title='bbox 529 538 589 577; x_wconf 87' lang='lat' dir='ltr'>rem</span> <span class='ocrx_word' id='word_1_22' title='bbox 606 521 751 596; x_wconf 82' lang='lat' dir='ltr'>agebatur.</span> <span class='ocrx_word' id='word_1_23' title='bbox 803 521 854 580; x_wconf 89' lang='lat' dir='ltr'>Sin</span> <span class='ocrx_word' id='word_1_24' title='bbox 875 542 941 582; x_wconf 82' lang='lat' dir='ltr'>vero</span> <span class='ocrx_word' id='word_1_25' title='bbox 960 525 1016 581; x_wconf 83' lang='lat' dir='ltr'>int</span> 
     </span>
     <span class='ocr_line' id='line_1_4' title="bbox 9 593 989 672; baseline 0.004 -22"><span class='ocrx_word' id='word_1_26' title='bbox 9 613 195 666; x_wconf 65' lang='lat' dir='ltr'>versunam,</span> <span class='ocrx_word' id='word_1_27' title='bbox 231 594 268 650; x_wconf 90' lang='lat' dir='ltr'>ab</span> <span class='ocrx_word' id='word_1_28' title='bbox 300 595 402 652; x_wconf 86' lang='lat' dir='ltr'>actoris</span> <span class='ocrx_word' id='word_1_29' title='bbox 434 593 548 669; x_wconf 88' lang='lat' dir='ltr'>quidem</span> <span class='ocrx_word' id='word_1_30' title='bbox 580 606 660 669; x_wconf 86' lang='lat' dir='ltr'>parte</span> <span class='ocrx_word' id='word_1_31' title='bbox 687 595 788 652; x_wconf 89' lang='lat' dir='ltr'>eadem</span> <span class='ocrx_word' id='word_1_32' title='bbox 813 596 989 672; x_wconf 85' lang='lat' dir='ltr'>obtinebant,</span> 
     </span>
     <span class='ocr_line' id='line_1_5' title="bbox 9 667 987 744; baseline 0.005 -20"><span class='ocrx_word' id='word_1_33' title='bbox 9 687 89 744; x_wconf 70' lang='lat' dir='ltr'>puae</span> <span class='ocrx_word' id='word_1_34' title='bbox 111 667 238 724; x_wconf 85' lang='lat' dir='ltr'>diximus</span> <span class='ocrx_word' id='word_1_35' title='bbox 256 667 287 724; x_wconf 92' lang='lat' dir='ltr'>in</span> <span class='ocrx_word' id='word_1_36' title='bbox 305 668 426 739; x_wconf 82' lang='lat' dir='ltr'>actione,</span> <span class='ocrx_word' id='word_1_37' title='bbox 444 684 500 743; x_wconf 89' lang='lat' dir='ltr'>qua</span> <span class='ocrx_word' id='word_1_38' title='bbox 520 668 549 726; x_wconf 92' lang='lat' dir='ltr'>in</span> <span class='ocrx_word' id='word_1_39' title='bbox 565 686 624 724; x_wconf 88' lang='lat' dir='ltr'>rem</span> <span class='ocrx_word' id='word_1_40' title='bbox 643 668 744 742; x_wconf 86' lang='lat' dir='ltr'>agitur.</span> <span class='ocrx_word' id='word_1_41' title='bbox 782 671 825 725; x_wconf 84' lang='lat' dir='ltr'>Ab</span> <span class='ocrx_word' id='word_1_42' title='bbox 845 673 905 728; x_wconf 88' lang='lat' dir='ltr'>eius</span> <span class='ocrx_word' id='word_1_43' title='bbox 920 689 987 729; x_wconf 83' lang='lat' dir='ltr'>vero</span> 
     </span>
     <span class='ocr_line' id='line_1_6' title="bbox 9 741 988 830; baseline 0.004 -32"><span class='ocrx_word' id='word_1_44' title='bbox 9 754 111 810; x_wconf 71' lang='lat' dir='ltr'>larse,</span> <span class='ocrx_word' id='word_1_45' title='bbox 126 761 193 798; x_wconf 85' lang='lat' dir='ltr'>oum</span> <span class='ocrx_word' id='word_1_46' title='bbox 207 760 263 817; x_wconf 87' lang='lat' dir='ltr'>quo</span> <span class='ocrx_word' id='word_1_47' title='bbox 278 741 379 817; x_wconf 86' lang='lat' dir='ltr'>agitur,</span> <span class='ocrx_word' id='word_1_48' title='bbox 392 741 538 830; x_wconf 75' lang='lat' dir='ltr'>siquidem</span> <span class='ocrx_word' id='word_1_49' title='bbox 554 741 646 799; x_wconf 89' lang='lat' dir='ltr'>alieno</span> <span class='ocrx_word' id='word_1_50' title='bbox 661 742 774 800; x_wconf 86' lang='lat' dir='ltr'>nomine</span> <span class='ocrx_word' id='word_1_51' title='bbox 787 745 885 820; x_wconf 89' lang='lat' dir='ltr'>aliquis</span> <span class='ocrx_word' id='word_1_52' title='bbox 900 746 988 803; x_wconf 89' lang='lat' dir='ltr'>inter-</span> 
     </span>
     <span class='ocr_line' id='line_1_7' title="bbox 9 814 989 891; baseline 0.004 -19"><span class='ocrx_word' id='word_1_53' title='bbox 9 815 181 890; x_wconf 58' lang='lat' dir='ltr'>renitere),</span> <span class='ocrx_word' id='word_1_54' title='bbox 207 814 368 872; x_wconf 88' lang='lat' dir='ltr'>omnimodo</span> <span class='ocrx_word' id='word_1_55' title='bbox 387 815 592 891; x_wconf 76' lang='lat' dir='ltr'>satisdaret·):</span> <span class='ocrx_word' id='word_1_56' title='bbox 619 815 686 891; x_wconf 86' lang='lat' dir='ltr'>quia</span> <span class='ocrx_word' id='word_1_57' title='bbox 704 835 787 873; x_wconf 89' lang='lat' dir='ltr'>nemo</span> <span class='ocrx_word' id='word_1_58' title='bbox 805 817 939 876; x_wconf 82' lang='lat' dir='ltr'>defensor</span> <span class='ocrx_word' id='word_1_59' title='bbox 959 819 989 876; x_wconf 90' lang='lat' dir='ltr'>in</span> 
     </span>
     <span class='ocr_line' id='line_1_8' title="bbox 9 888 989 968; baseline 0 -20"><span class='ocrx_word' id='word_1_60' title='bbox 9 891 111 948; x_wconf 71' lang='lat' dir='ltr'>aliena</span> <span class='ocrx_word' id='word_1_61' title='bbox 133 907 165 946; x_wconf 88' lang='lat' dir='ltr'>re</span> <span class='ocrx_word' id='word_1_62' title='bbox 185 889 246 945; x_wconf 89' lang='lat' dir='ltr'>sine</span> <span class='ocrx_word' id='word_1_63' title='bbox 264 889 445 946; x_wconf 70' lang='lat' dir='ltr'>satisdatione</span> <span class='ocrx_word' id='word_1_64' title='bbox 465 888 584 948; x_wconf 89' lang='lat' dir='ltr'>idoneus</span> <span class='ocrx_word' id='word_1_65' title='bbox 604 906 665 948; x_wconf 88' lang='lat' dir='ltr'>esse</span> <span class='ocrx_word' id='word_1_66' title='bbox 683 888 853 967; x_wconf 81' lang='lat' dir='ltr'>ereditur³).</span> <span class='ocrx_word' id='word_1_67' title='bbox 888 894 989 968; x_wconf 86' lang='lat' dir='ltr'>quodsi</span> 
     </span>
     <span class='ocr_line' id='line_1_9' title="bbox 9 962 986 1040; baseline 0.006 -22"><span class='ocrx_word' id='word_1_68' title='bbox 9 962 139 1038; x_wconf 60' lang='lat' dir='ltr'>proprio</span> <span class='ocrx_word' id='word_1_69' title='bbox 162 962 277 1018; x_wconf 91' lang='lat' dir='ltr'>nomine</span> <span class='ocrx_word' id='word_1_70' title='bbox 302 963 403 1038; x_wconf 85' lang='lat' dir='ltr'>aquurs</span> <span class='ocrx_word' id='word_1_71' title='bbox 428 963 559 1021; x_wconf 87' lang='lat' dir='ltr'>rndrcrum</span> <span class='ocrx_word' id='word_1_72' title='bbox 586 963 742 1038; x_wconf 77' lang='lat' dir='ltr'>accipiebat</span> <span class='ocrx_word' id='word_1_73' title='bbox 767 965 795 1020; x_wconf 94' lang='lat' dir='ltr'>in</span> <span class='ocrx_word' id='word_1_74' title='bbox 819 983 986 1040; x_wconf 80' lang='lat' dir='ltr'>personam,</span> 
     </span>
     <span class='ocr_line' id='line_1_10' title="bbox 9 1035 819 1110; baseline -0.001 -18"><span class='ocrx_word' id='word_1_75' title='bbox 9 1037 178 1096; x_wconf 84' lang='lat' dir='ltr'>udicatum</span> <span class='ocrx_word' id='word_1_76' title='bbox 193 1035 263 1095; x_wconf 87' lang='lat' dir='ltr'>solri</span> <span class='ocrx_word' id='word_1_77' title='bbox 284 1036 420 1092; x_wconf 81' lang='lat' dir='ltr'>satisdare</span> <span class='ocrx_word' id='word_1_78' title='bbox 441 1055 498 1092; x_wconf 91' lang='lat' dir='ltr'>non</span> <span class='ocrx_word' id='word_1_79' title='bbox 519 1038 682 1110; x_wconf 80' lang='lat' dir='ltr'>cogebatur.</span> <span class='ocrx_word' id='word_1_80' title='bbox 788 1057 791 1062; x_wconf 60' lang='lat'><strong><em>¹</em></strong></span> <span class='ocrx_word' id='word_1_81' title='bbox 817 1081 819 1086; x_wconf 95' lang='lat'><em>.</em></span> 
     </span>
    </p>

    <p class='ocr_par' dir='ltr' id='par_1_3' title="bbox 9 1108 1028 3184">
     <span class='ocr_line' id='line_1_11' title="bbox 71 1108 1017 1188; baseline 0.001 -21"><span class='ocrx_word' id='word_1_82' title='bbox 71 1110 139 1168; x_wconf 84' lang='lat' dir='ltr'>Sed</span> <span class='ocrx_word' id='word_1_83' title='bbox 165 1108 237 1166; x_wconf 85' lang='lat' dir='ltr'>haec</span> <span class='ocrx_word' id='word_1_84' title='bbox 261 1109 347 1168; x_wconf 87' lang='lat' dir='ltr'>hodie</span> <span class='ocrx_word' id='word_1_85' title='bbox 371 1110 451 1168; x_wconf 91' lang='lat' dir='ltr'>aliter</span> <span class='ocrx_word' id='word_1_86' title='bbox 472 1111 662 1166; x_wconf 81' lang='lat' dir='ltr'>observantur.</span> <span class='ocrx_word' id='word_1_87' title='bbox 700 1109 766 1167; x_wconf 84' lang='lat' dir='ltr'>Sive</span> <span class='ocrx_word' id='word_1_88' title='bbox 786 1111 860 1171; x_wconf 87' lang='lat' dir='ltr'>enim</span> <span class='ocrx_word' id='word_1_89' title='bbox 879 1113 941 1188; x_wconf 88' lang='lat' dir='ltr'>quis</span> <span class='ocrx_word' id='word_1_90' title='bbox 959 1112 1017 1170; x_wconf 82' lang='lat' dir='ltr'>ins</span> 
     </span>
     <span class='ocr_line' id='line_1_12' title="bbox 9 1183 987 1259; baseline 0.004 -19"><span class='ocrx_word' id='word_1_91' title='bbox 9 1204 75 1242; x_wconf 82' lang='lat' dir='ltr'>rem</span> <span class='ocrx_word' id='word_1_92' title='bbox 99 1183 215 1242; x_wconf 90' lang='lat' dir='ltr'>actione</span> <span class='ocrx_word' id='word_1_93' title='bbox 234 1184 413 1253; x_wconf 80' lang='lat' dir='ltr'>convenitur,</span> <span class='ocrx_word' id='word_1_94' title='bbox 439 1183 496 1240; x_wconf 88' lang='lat' dir='ltr'>sive</span> <span class='ocrx_word' id='word_1_95' title='bbox 516 1184 703 1259; x_wconf 73' lang='lat' dir='ltr'>personalis),</span> <span class='ocrx_word' id='word_1_96' title='bbox 728 1203 794 1242; x_wconf 91' lang='lat' dir='ltr'>suo</span> <span class='ocrx_word' id='word_1_97' title='bbox 821 1187 987 1244; x_wconf 88' lang='lat' dir='ltr'>nomine:</span> 
     </span>
     <span class='ocr_line' id='line_1_13' title="bbox 9 1256 991 1335; baseline -0.002 -19"><span class='ocrx_word' id='word_1_98' title='bbox 9 1259 128 1316; x_wconf 86' lang='lat' dir='ltr'>nullam</span> <span class='ocrx_word' id='word_1_99' title='bbox 147 1256 360 1314; x_wconf 81' lang='lat' dir='ltr'>satisdationem</span> <span class='ocrx_word' id='word_1_100' title='bbox 386 1276 438 1332; x_wconf 87' lang='lat' dir='ltr'>pro</span> <span class='ocrx_word' id='word_1_101' title='bbox 464 1257 520 1314; x_wconf 86' lang='lat' dir='ltr'>litis</span> <span class='ocrx_word' id='word_1_102' title='bbox 538 1258 733 1324; x_wconf 84' lang='lat' dir='ltr'>aestimatione</span> <span class='ocrx_word' id='word_1_103' title='bbox 753 1258 822 1315; x_wconf 89' lang='lat' dir='ltr'>dare</span> <span class='ocrx_word' id='word_1_104' title='bbox 843 1259 991 1335; x_wconf 49' lang='lat' dir='ltr'>compelli,</span> 
     </span>
     <span class='ocr_line' id='line_1_14' title="bbox 9 1329 989 1409; baseline 0.004 -23"><span class='ocrx_word' id='word_1_105' title='bbox 9 1343 84 1401; x_wconf 85' lang='lat' dir='ltr'>tur,</span> <span class='ocrx_word' id='word_1_106' title='bbox 106 1329 161 1387; x_wconf 90' lang='lat' dir='ltr'>sed</span> <span class='ocrx_word' id='word_1_107' title='bbox 180 1349 233 1406; x_wconf 89' lang='lat' dir='ltr'>pro</span> <span class='ocrx_word' id='word_1_108' title='bbox 252 1349 303 1388; x_wconf 89' lang='lat' dir='ltr'>sua</span> <span class='ocrx_word' id='word_1_109' title='bbox 322 1341 429 1388; x_wconf 88' lang='lat' dir='ltr'>tantum</span> <span class='ocrx_word' id='word_1_110' title='bbox 451 1349 587 1406; x_wconf 85' lang='lat' dir='ltr'>persona,</span> <span class='ocrx_word' id='word_1_111' title='bbox 608 1331 683 1408; x_wconf 91' lang='lat' dir='ltr'>quod</span> <span class='ocrx_word' id='word_1_112' title='bbox 703 1331 731 1387; x_wconf 94' lang='lat' dir='ltr'>in</span> <span class='ocrx_word' id='word_1_113' title='bbox 754 1332 856 1389; x_wconf 88' lang='lat' dir='ltr'>iudicio</span> <span class='ocrx_word' id='word_1_114' title='bbox 875 1351 989 1409; x_wconf 90' lang='lat' dir='ltr'>perma-</span> 
     </span>
     <span class='ocr_line' id='line_1_15' title="bbox 9 1405 990 1483; baseline 0.002 -21"><span class='ocrx_word' id='word_1_115' title='bbox 9 1414 86 1462; x_wconf 90' lang='lat' dir='ltr'>neat</span> <span class='ocrx_word' id='word_1_116' title='bbox 113 1405 260 1481; x_wconf 90' lang='lat' dir='ltr'>usquead</span> <span class='ocrx_word' id='word_1_117' title='bbox 287 1405 436 1464; x_wconf 89' lang='lat' dir='ltr'>terminum</span> <span class='ocrx_word' id='word_1_118' title='bbox 463 1405 533 1478; x_wconf 88' lang='lat' dir='ltr'>litis,</span> <span class='ocrx_word' id='word_1_119' title='bbox 560 1405 602 1461; x_wconf 89' lang='lat' dir='ltr'>vel</span> <span class='ocrx_word' id='word_1_120' title='bbox 627 1406 808 1462; x_wconf 87' lang='lat' dir='ltr'>committitur</span> <span class='ocrx_word' id='word_1_121' title='bbox 826 1425 895 1464; x_wconf 89' lang='lat' dir='ltr'>suae</span> <span class='ocrx_word' id='word_1_122' title='bbox 921 1426 990 1483; x_wconf 84' lang='lat' dir='ltr'>pro-</span> 
     </span>
     <span class='ocr_line' id='line_1_16' title="bbox 9 1477 990 1554; baseline 0 -18"><span class='ocrx_word' id='word_1_123' title='bbox 9 1477 148 1536; x_wconf 86' lang='lat' dir='ltr'>missioni</span> <span class='ocrx_word' id='word_1_124' title='bbox 175 1497 237 1535; x_wconf 87' lang='lat' dir='ltr'>cum</span> <span class='ocrx_word' id='word_1_125' title='bbox 257 1478 437 1535; x_wconf 91' lang='lat' dir='ltr'>iureiurando</span> <span class='ocrx_word' id='word_1_126' title='bbox 465 1481 561 1554; x_wconf 90' lang='lat' dir='ltr'>(qoam</span> <span class='ocrx_word' id='word_1_127' title='bbox 581 1481 740 1536; x_wconf 76' lang='lat' dir='ltr'>iuratoriom</span> <span class='ocrx_word' id='word_1_128' title='bbox 759 1481 918 1537; x_wconf 90' lang='lat' dir='ltr'>cautionem</span> <span class='ocrx_word' id='word_1_129' title='bbox 938 1500 990 1536; x_wconf 83' lang='lat' dir='ltr'>ro-</span> 
     </span>
     <span class='ocr_line' id='line_1_17' title="bbox 11 1551 988 1630; baseline 0 -20"><span class='ocrx_word' id='word_1_130' title='bbox 11 1555 125 1624; x_wconf 79' lang='lat' dir='ltr'>tant),</span> <span class='ocrx_word' id='word_1_131' title='bbox 154 1551 197 1608; x_wconf 87' lang='lat' dir='ltr'>rel</span> <span class='ocrx_word' id='word_1_132' title='bbox 222 1551 326 1608; x_wconf 90' lang='lat' dir='ltr'>nudam</span> <span class='ocrx_word' id='word_1_133' title='bbox 356 1553 587 1628; x_wconf 79' lang='lat' dir='ltr'>promissionem,</span> <span class='ocrx_word' id='word_1_134' title='bbox 615 1553 657 1608; x_wconf 85' lang='lat' dir='ltr'>vel</span> <span class='ocrx_word' id='word_1_135' title='bbox 682 1553 909 1628; x_wconf 87' lang='lat' dir='ltr'>satisdationem,</span> <span class='ocrx_word' id='word_1_136' title='bbox 936 1573 988 1630; x_wconf 92' lang='lat' dir='ltr'>pro</span> 
     </span>
     <span class='ocr_line' id='line_1_18' title="bbox 10 1624 1019 1754; baseline 0.001 -70"><span class='ocrx_word' id='word_1_137' title='bbox 10 1627 159 1704; x_wconf 80' lang='lat' dir='ltr'>qualitate</span> <span class='ocrx_word' id='word_1_138' title='bbox 180 1644 317 1701; x_wconf 82' lang='lat' dir='ltr'>personae</span> <span class='ocrx_word' id='word_1_139' title='bbox 339 1643 425 1699; x_wconf 87' lang='lat' dir='ltr'>suae,</span> <span class='ocrx_word' id='word_1_140' title='bbox 454 1625 522 1682; x_wconf 89' lang='lat' dir='ltr'>dare</span> <span class='ocrx_word' id='word_1_141' title='bbox 547 1624 768 1754; x_wconf 37' lang='lat' dir='ltr'>compellitur?</span> <span class='ocrx_word' id='word_1_142' title='bbox 819 1627 869 1684; x_wconf 85' lang='lat' dir='ltr'>Sin</span> <span class='ocrx_word' id='word_1_143' title='bbox 895 1640 1019 1691; x_wconf 78' lang='lat' dir='ltr'>autema</span> 
     </span>
     <span class='ocr_line' id='line_1_19' title="bbox 12 1698 990 1776; baseline 0 -18"><span class='ocrx_word' id='word_1_144' title='bbox 12 1719 87 1776; x_wconf 88' lang='lat' dir='ltr'>per</span> <span class='ocrx_word' id='word_1_145' title='bbox 117 1709 400 1774; x_wconf 84' lang='lat' dir='ltr'>procuratorem</span> <span class='ocrx_word' id='word_1_146' title='bbox 429 1698 462 1754; x_wconf 88' lang='lat' dir='ltr'>lis</span> <span class='ocrx_word' id='word_1_147' title='bbox 483 1699 525 1755; x_wconf 89' lang='lat' dir='ltr'>rel</span> <span class='ocrx_word' id='word_1_148' title='bbox 545 1699 678 1770; x_wconf 82' lang='lat' dir='ltr'>insertur,</span> <span class='ocrx_word' id='word_1_149' title='bbox 705 1716 739 1755; x_wconf 90' lang='lat' dir='ltr'>re</span> <span class='ocrx_word' id='word_1_150' title='bbox 767 1701 934 1775; x_wconf 77' lang='lat' dir='ltr'>suscipiturt</span> <span class='ocrx_word' id='word_1_151' title='bbox 960 1703 990 1758; x_wconf 90' lang='lat' dir='ltr'>in</span> 
     </span>
     <span class='ocr_line' id='line_1_20' title="bbox 13 1772 989 1849; baseline 0 -17"><span class='ocrx_word' id='word_1_152' title='bbox 13 1773 127 1832; x_wconf 89' lang='lat' dir='ltr'>actoris</span> <span class='ocrx_word' id='word_1_153' title='bbox 145 1772 260 1849; x_wconf 90' lang='lat' dir='ltr'>quidem</span> <span class='ocrx_word' id='word_1_154' title='bbox 279 1790 422 1849; x_wconf 82' lang='lat' dir='ltr'>persona,</span> <span class='ocrx_word' id='word_1_155' title='bbox 441 1774 536 1829; x_wconf 89' lang='lat' dir='ltr'>sinon</span> <span class='ocrx_word' id='word_1_156' title='bbox 553 1773 715 1830; x_wconf 89' lang='lat' dir='ltr'>mandatnm</span> <span class='ocrx_word' id='word_1_157' title='bbox 732 1774 800 1830; x_wconf 90' lang='lat' dir='ltr'>actis</span> <span class='ocrx_word' id='word_1_158' title='bbox 819 1775 989 1832; x_wconf 87' lang='lat' dir='ltr'>insinuatum</span> 
     </span>
     <span class='ocr_line' id='line_1_21' title="bbox 14 1845 989 1923; baseline -0.002 -17"><span class='ocrx_word' id='word_1_159' title='bbox 14 1858 81 1920; x_wconf 89' lang='lat' dir='ltr'>est,</span> <span class='ocrx_word' id='word_1_160' title='bbox 113 1847 156 1903; x_wconf 84' lang='lat' dir='ltr'>rel</span> <span class='ocrx_word' id='word_1_161' title='bbox 182 1847 471 1923; x_wconf 81' lang='lat' dir='ltr'>praesensdominus</span> <span class='ocrx_word' id='word_1_162' title='bbox 496 1846 550 1902; x_wconf 91' lang='lat' dir='ltr'>litis</span> <span class='ocrx_word' id='word_1_163' title='bbox 567 1847 595 1904; x_wconf 91' lang='lat' dir='ltr'>in</span> <span class='ocrx_word' id='word_1_164' title='bbox 615 1845 718 1904; x_wconf 89' lang='lat' dir='ltr'>iudicio</span> <span class='ocrx_word' id='word_1_165' title='bbox 739 1847 927 1922; x_wconf 82' lang='lat' dir='ltr'>procuratoris</span> <span class='ocrx_word' id='word_1_166' title='bbox 946 1849 989 1905; x_wconf 89' lang='lat' dir='ltr'>sni</span> 
     </span>
     <span class='ocr_line' id='line_1_22' title="bbox 16 1919 989 1998; baseline -0.001 -19"><span class='ocrx_word' id='word_1_167' title='bbox 16 1931 174 1998; x_wconf 85' lang='lat' dir='ltr'>personam</span> <span class='ocrx_word' id='word_1_168' title='bbox 198 1920 425 1993; x_wconf 82' lang='lat' dir='ltr'>confirmaverit,</span> <span class='ocrx_word' id='word_1_169' title='bbox 454 1928 545 1977; x_wconf 89' lang='lat' dir='ltr'>ratam</span> <span class='ocrx_word' id='word_1_170' title='bbox 571 1937 631 1977; x_wconf 86' lang='lat' dir='ltr'>rem</span> <span class='ocrx_word' id='word_1_171' title='bbox 657 1919 800 1976; x_wconf 89' lang='lat' dir='ltr'>domiuum</span> <span class='ocrx_word' id='word_1_172' title='bbox 820 1921 989 1994; x_wconf 80' lang='lat' dir='ltr'>habitururn,</span> 
     </span>
     <span class='ocr_line' id='line_1_23' title="bbox 17 1993 991 2070; baseline -0.005 -16"><span class='ocrx_word' id='word_1_173' title='bbox 17 1995 234 2054; x_wconf 81' lang='lat' dir='ltr'>satisdationem</span> <span class='ocrx_word' id='word_1_174' title='bbox 262 2005 428 2070; x_wconf 88' lang='lat' dir='ltr'>procurator</span> <span class='ocrx_word' id='word_1_175' title='bbox 453 1995 522 2051; x_wconf 89' lang='lat' dir='ltr'>dare</span> <span class='ocrx_word' id='word_1_176' title='bbox 548 1993 739 2070; x_wconf 80' lang='lat' dir='ltr'>compellitur3</span> <span class='ocrx_word' id='word_1_177' title='bbox 764 1993 864 2051; x_wconf 89' lang='lat' dir='ltr'>eodem</span> <span class='ocrx_word' id='word_1_178' title='bbox 890 1995 991 2050; x_wconf 89' lang='lat' dir='ltr'>obser-</span> 
     </span>
     <span class='ocr_line' id='line_1_24' title="bbox 19 2067 1028 2144; baseline 0 -20"><span class='ocrx_word' id='word_1_179' title='bbox 19 2069 118 2126; x_wconf 81' lang='lat' dir='ltr'>uando</span> <span class='ocrx_word' id='word_1_180' title='bbox 144 2078 188 2136; x_wconf 90' lang='lat' dir='ltr'>et,</span> <span class='ocrx_word' id='word_1_181' title='bbox 213 2069 236 2124; x_wconf 90' lang='lat' dir='ltr'>si</span> <span class='ocrx_word' id='word_1_182' title='bbox 259 2078 350 2143; x_wconf 85' lang='lat' dir='ltr'>tutor,</span> <span class='ocrx_word' id='word_1_183' title='bbox 375 2068 418 2126; x_wconf 82' lang='lat' dir='ltr'>vel</span> <span class='ocrx_word' id='word_1_184' title='bbox 445 2078 576 2139; x_wconf 89' lang='lat' dir='ltr'>curator,</span> <span class='ocrx_word' id='word_1_185' title='bbox 599 2068 642 2124; x_wconf 84' lang='lat' dir='ltr'>vel</span> <span class='ocrx_word' id='word_1_186' title='bbox 662 2067 733 2125; x_wconf 88' lang='lat' dir='ltr'>aliae</span> <span class='ocrx_word' id='word_1_187' title='bbox 754 2068 823 2125; x_wconf 89' lang='lat' dir='ltr'>tales</span> <span class='ocrx_word' id='word_1_188' title='bbox 840 2085 990 2144; x_wconf 82' lang='lat' dir='ltr'>personae,</span> <span class='ocrx_word' id='word_1_189' title='bbox 1024 2075 1028 2082; x_wconf 93' lang='lat'>&#39;</span> 
     </span>
     <span class='ocr_line' id='line_1_25' title="bbox 19 2142 992 2220; baseline 0 -21"><span class='ocrx_word' id='word_1_190' title='bbox 19 2161 100 2220; x_wconf 85' lang='lat' dir='ltr'>quae</span> <span class='ocrx_word' id='word_1_191' title='bbox 132 2143 285 2198; x_wconf 87' lang='lat' dir='ltr'>alienarum</span> <span class='ocrx_word' id='word_1_192' title='bbox 317 2159 408 2200; x_wconf 91' lang='lat' dir='ltr'>rerum</span> <span class='ocrx_word' id='word_1_193' title='bbox 437 2142 670 2217; x_wconf 84' lang='lat' dir='ltr'>gubernationem</span> <span class='ocrx_word' id='word_1_194' title='bbox 698 2152 882 2216; x_wconf 84' lang='lat' dir='ltr'>receperunt,</span> <span class='ocrx_word' id='word_1_195' title='bbox 914 2142 992 2200; x_wconf 90' lang='lat' dir='ltr'>litem</span> 
     </span>
     <span class='ocr_line' id='line_1_26' title="bbox 21 2215 1021 2293; baseline 0.001 -21"><span class='ocrx_word' id='word_1_196' title='bbox 21 2215 192 2293; x_wconf 89' lang='lat' dir='ltr'>quibusdam</span> <span class='ocrx_word' id='word_1_197' title='bbox 210 2234 262 2291; x_wconf 88' lang='lat' dir='ltr'>per</span> <span class='ocrx_word' id='word_1_198' title='bbox 282 2216 366 2272; x_wconf 89' lang='lat' dir='ltr'>alium</span> <span class='ocrx_word' id='word_1_199' title='bbox 384 2216 557 2285; x_wconf 84' lang='lat' dir='ltr'>inferunt⁵).</span> <span class='ocrx_word' id='word_1_200' title='bbox 601 2215 652 2273; x_wconf 89' lang='lat' dir='ltr'>Sin</span> <span class='ocrx_word' id='word_1_201' title='bbox 678 2233 744 2273; x_wconf 80' lang='lat' dir='ltr'>uero</span> <span class='ocrx_word' id='word_1_202' title='bbox 767 2215 866 2292; x_wconf 89' lang='lat' dir='ltr'>aliquis</span> <span class='ocrx_word' id='word_1_203' title='bbox 887 2233 1021 2284; x_wconf 69' lang='lat' dir='ltr'>conse-4</span> 
     </span>
     <span class='ocr_line' id='line_1_27' title="bbox 22 2288 989 2366; baseline -0.002 -18"><span class='ocrx_word' id='word_1_204' title='bbox 22 2293 118 2348; x_wconf 89' lang='lat' dir='ltr'>nitur:</span> <span class='ocrx_word' id='word_1_205' title='bbox 144 2291 167 2345; x_wconf 88' lang='lat' dir='ltr'>si</span> <span class='ocrx_word' id='word_1_206' title='bbox 211 2289 304 2345; x_wconf 92' lang='lat' dir='ltr'>uidem</span> <span class='ocrx_word' id='word_1_207' title='bbox 323 2307 458 2365; x_wconf 88' lang='lat' dir='ltr'>praesens</span> <span class='ocrx_word' id='word_1_208' title='bbox 479 2299 690 2366; x_wconf 84' lang='lat' dir='ltr'>procuratorem</span> <span class='ocrx_word' id='word_1_209' title='bbox 712 2288 780 2346; x_wconf 90' lang='lat' dir='ltr'>dare</span> <span class='ocrx_word' id='word_1_210' title='bbox 799 2300 914 2365; x_wconf 89' lang='lat' dir='ltr'>paratus</span> <span class='ocrx_word' id='word_1_211' title='bbox 933 2298 989 2364; x_wconf 89' lang='lat' dir='ltr'>est,</span> 
     </span>
     <span class='ocr_line' id='line_1_28' title="bbox 22 2309 992 2442; baseline 0 -22"><span class='ocrx_word' id='word_1_212' title='bbox 22 2372 121 2442; x_wconf 90' lang='lat' dir='ltr'>potest</span> <span class='ocrx_word' id='word_1_213' title='bbox 140 2309 261 2440; x_wconf 64' lang='lat' dir='ltr'>velipse</span> <span class='ocrx_word' id='word_1_214' title='bbox 282 2363 309 2418; x_wconf 92' lang='lat' dir='ltr'>in</span> <span class='ocrx_word' id='word_1_215' title='bbox 328 2363 460 2421; x_wconf 91' lang='lat' dir='ltr'>iudicium</span> <span class='ocrx_word' id='word_1_216' title='bbox 478 2364 589 2432; x_wconf 82' lang='lat' dir='ltr'>venire,</span> <span class='ocrx_word' id='word_1_217' title='bbox 608 2373 637 2420; x_wconf 90' lang='lat' dir='ltr'>et</span> <span class='ocrx_word' id='word_1_218' title='bbox 655 2364 697 2420; x_wconf 90' lang='lat' dir='ltr'>sni</span> <span class='ocrx_word' id='word_1_219' title='bbox 718 2365 905 2440; x_wconf 85' lang='lat' dir='ltr'>procuratoris</span> <span class='ocrx_word' id='word_1_220' title='bbox 924 2382 992 2439; x_wconf 91' lang='lat' dir='ltr'>per-</span> 
     </span>
     <span class='ocr_line' id='line_1_29' title="bbox 24 2436 993 2515; baseline 0.001 -21"><span class='ocrx_word' id='word_1_221' title='bbox 24 2455 125 2494; x_wconf 81' lang='lat' dir='ltr'>sonam</span> <span class='ocrx_word' id='word_1_222' title='bbox 152 2454 203 2513; x_wconf 88' lang='lat' dir='ltr'>per</span> <span class='ocrx_word' id='word_1_223' title='bbox 228 2436 379 2494; x_wconf 89' lang='lat' dir='ltr'>indicatum</span> <span class='ocrx_word' id='word_1_224' title='bbox 407 2436 475 2494; x_wconf 86' lang='lat' dir='ltr'>solvi</span> <span class='ocrx_word' id='word_1_225' title='bbox 502 2436 690 2494; x_wconf 91' lang='lat' dir='ltr'>satisdationis</span> <span class='ocrx_word' id='word_1_226' title='bbox 706 2437 854 2495; x_wconf 81' lang='lat' dir='ltr'>sollemnes</span> <span class='ocrx_word' id='word_1_227' title='bbox 872 2439 993 2515; x_wconf 89' lang='lat' dir='ltr'>stipula-</span> 
     </span>
     <span class='ocr_line' id='line_1_30' title="bbox 25 2509 994 2586; baseline 0.002 -20"><span class='ocrx_word' id='word_1_228' title='bbox 25 2514 119 2568; x_wconf 87' lang='lat' dir='ltr'>tiones</span> <span class='ocrx_word' id='word_1_229' title='bbox 129 2517 154 2584; x_wconf 71' lang='lat' dir='ltr'>s)</span> <span class='ocrx_word' id='word_1_230' title='bbox 164 2511 192 2586; x_wconf 85' lang='lat'>⁶)</span> <span class='ocrx_word' id='word_1_231' title='bbox 220 2509 354 2583; x_wconf 83' lang='lat' dir='ltr'>firmare,</span> <span class='ocrx_word' id='word_1_232' title='bbox 382 2511 425 2568; x_wconf 85' lang='lat' dir='ltr'>rel</span> <span class='ocrx_word' id='word_1_233' title='bbox 450 2521 531 2567; x_wconf 84' lang='lat' dir='ltr'>extra</span> <span class='ocrx_word' id='word_1_234' title='bbox 555 2510 687 2568; x_wconf 91' lang='lat' dir='ltr'>iudicium</span> <span class='ocrx_word' id='word_1_235' title='bbox 710 2511 918 2576; x_wconf 78' lang='lat' dir='ltr'>satisdationem</span> <span class='ocrx_word' id='word_1_236' title='bbox 939 2529 994 2570; x_wconf 81' lang='lat' dir='ltr'>ex·</span> 
     </span>
     <span class='ocr_line' id='line_1_31' title="bbox 26 2584 994 2661; baseline 0.003 -22"><span class='ocrx_word' id='word_1_237' title='bbox 26 2601 150 2659; x_wconf 83' lang='lat' dir='ltr'>ponere,</span> <span class='ocrx_word' id='word_1_238' title='bbox 175 2601 226 2658; x_wconf 93' lang='lat' dir='ltr'>per</span> <span class='ocrx_word' id='word_1_239' title='bbox 251 2585 423 2661; x_wconf 89' lang='lat' dir='ltr'>quamipse</span> <span class='ocrx_word' id='word_1_240' title='bbox 449 2585 493 2642; x_wconf 91' lang='lat' dir='ltr'>sui</span> <span class='ocrx_word' id='word_1_241' title='bbox 518 2585 707 2659; x_wconf 87' lang='lat' dir='ltr'>procuratoris</span> <span class='ocrx_word' id='word_1_242' title='bbox 733 2584 880 2642; x_wconf 86' lang='lat' dir='ltr'>fideiussor</span> <span class='ocrx_word' id='word_1_243' title='bbox 898 2587 994 2643; x_wconf 82' lang='lat' dir='ltr'>existit</span> 
     </span>
     <span class='ocr_line' id='line_1_32' title="bbox 27 2657 994 2733; baseline 0.002 -21"><span class='ocrx_word' id='word_1_244' title='bbox 27 2678 83 2733; x_wconf 82' lang='lat' dir='ltr'>pro</span> <span class='ocrx_word' id='word_1_245' title='bbox 109 2658 233 2713; x_wconf 87' lang='lat' dir='ltr'>omnibus</span> <span class='ocrx_word' id='word_1_246' title='bbox 252 2657 405 2714; x_wconf 88' lang='lat' dir='ltr'>iudicatum</span> <span class='ocrx_word' id='word_1_247' title='bbox 425 2658 493 2713; x_wconf 85' lang='lat' dir='ltr'>solvi</span> <span class='ocrx_word' id='word_1_248' title='bbox 514 2658 704 2715; x_wconf 86' lang='lat' dir='ltr'>satisdationis</span> <span class='ocrx_word' id='word_1_249' title='bbox 724 2657 860 2716; x_wconf 87' lang='lat' dir='ltr'>clausulis.</span> <span class='ocrx_word' id='word_1_250' title='bbox 897 2659 994 2716; x_wconf 86' lang='lat' dir='ltr'>ubist</span> 
     </span>
     <span class='ocr_line' id='line_1_33' title="bbox 26 2729 992 2818; baseline -0.001 -30"><span class='ocrx_word' id='word_1_251' title='bbox 26 2733 67 2788; x_wconf 89' lang='lat' dir='ltr'>de</span> <span class='ocrx_word' id='word_1_252' title='bbox 86 2729 243 2818; x_wconf 63' lang='lat' dir='ltr'>hypotheca</span> <span class='ocrx_word' id='word_1_253' title='bbox 262 2749 374 2788; x_wconf 88' lang='lat' dir='ltr'>suarum</span> <span class='ocrx_word' id='word_1_254' title='bbox 394 2750 486 2789; x_wconf 88' lang='lat' dir='ltr'>rernm</span> <span class='ocrx_word' id='word_1_255' title='bbox 506 2733 655 2788; x_wconf 83' lang='lat' dir='ltr'>convenire</span> <span class='ocrx_word' id='word_1_256' title='bbox 671 2731 861 2807; x_wconf 89' lang='lat' dir='ltr'>compellitur,</span> <span class='ocrx_word' id='word_1_257' title='bbox 886 2731 992 2788; x_wconf 84' lang='lat' dir='ltr'>sivein</span> 
     </span>
     <span class='ocr_line' id='line_1_34' title="bbox 29 2804 991 2881; baseline -0.002 -19"><span class='ocrx_word' id='word_1_258' title='bbox 29 2805 132 2862; x_wconf 77' lang='lat' dir='ltr'>iudicio</span> <span class='ocrx_word' id='word_1_259' title='bbox 151 2804 324 2881; x_wconf 88' lang='lat' dir='ltr'>promiserit,</span> <span class='ocrx_word' id='word_1_260' title='bbox 343 2804 400 2862; x_wconf 87' lang='lat' dir='ltr'>sive</span> <span class='ocrx_word' id='word_1_261' title='bbox 417 2814 498 2862; x_wconf 84' lang='lat' dir='ltr'>extra</span> <span class='ocrx_word' id='word_1_262' title='bbox 516 2804 648 2860; x_wconf 89' lang='lat' dir='ltr'>iudicium</span> <span class='ocrx_word' id='word_1_263' title='bbox 665 2805 790 2876; x_wconf 82' lang='lat' dir='ltr'>caverit,</span> <span class='ocrx_word' id='word_1_264' title='bbox 811 2815 841 2860; x_wconf 91' lang='lat' dir='ltr'>ut</span> <span class='ocrx_word' id='word_1_265' title='bbox 857 2815 914 2861; x_wconf 90' lang='lat' dir='ltr'>tam</span> <span class='ocrx_word' id='word_1_266' title='bbox 930 2805 991 2881; x_wconf 89' lang='lat' dir='ltr'>ipse</span> 
     </span>
     <span class='ocr_line' id='line_1_35' title="bbox 30 2878 992 2965; baseline 0 -31"><span class='ocrx_word' id='word_1_267' title='bbox 30 2897 114 2965; x_wconf 86' lang='lat' dir='ltr'>quam</span> <span class='ocrx_word' id='word_1_268' title='bbox 133 2878 251 2936; x_wconf 85' lang='lat' dir='ltr'>heredes</span> <span class='ocrx_word' id='word_1_269' title='bbox 268 2879 311 2934; x_wconf 88' lang='lat' dir='ltr'>soi</span> <span class='ocrx_word' id='word_1_270' title='bbox 331 2879 505 2954; x_wconf 78' lang='lat' dir='ltr'>obligentur3</span> <span class='ocrx_word' id='word_1_271' title='bbox 530 2878 584 2934; x_wconf 86' lang='lat' dir='ltr'>alia</span> <span class='ocrx_word' id='word_1_272' title='bbox 603 2879 718 2953; x_wconf 88' lang='lat' dir='ltr'>insuper</span> <span class='ocrx_word' id='word_1_273' title='bbox 737 2879 863 2950; x_wconf 86' lang='lat' dir='ltr'>cautela,</span> <span class='ocrx_word' id='word_1_274' title='bbox 882 2878 925 2935; x_wconf 85' lang='lat' dir='ltr'>rel</span> <span class='ocrx_word' id='word_1_275' title='bbox 943 2897 992 2934; x_wconf 88' lang='lat' dir='ltr'>sa·</span> 
     </span>
     <span class='ocr_line' id='line_1_36' title="bbox 32 2951 1012 3039; baseline 0 -31"><span class='ocrx_word' id='word_1_276' title='bbox 32 2953 193 3020; x_wconf 74' lang='lat' dir='ltr'>nudatione,</span> <span class='ocrx_word' id='word_1_277' title='bbox 212 2963 330 3028; x_wconf 87' lang='lat' dir='ltr'>propter</span> <span class='ocrx_word' id='word_1_278' title='bbox 347 2955 501 3028; x_wconf 89' lang='lat' dir='ltr'>personam</span> <span class='ocrx_word' id='word_1_279' title='bbox 516 2951 602 3039; x_wconf 89' lang='lat' dir='ltr'>ipsios</span> <span class='ocrx_word' id='word_1_280' title='bbox 616 2951 806 3026; x_wconf 81' lang='lat' dir='ltr'>exponenda,</span> <span class='ocrx_word' id='word_1_281' title='bbox 827 2951 904 3028; x_wconf 88' lang='lat' dir='ltr'>quod</span> <span class='ocrx_word' id='word_1_282' title='bbox 918 2961 992 3009; x_wconf 85' lang='lat' dir='ltr'>tem·</span> <span class='ocrx_word' id='word_1_283' title='bbox 1008 3007 1012 3014; x_wconf 73' lang='grc'>,</span> 
     </span>
     <span class='ocr_line' id='line_1_37' title="bbox 32 3021 1008 3157; baseline -0.001 -75"><span class='ocrx_word' id='word_1_284' title='bbox 32 3043 103 3103; x_wconf 86' lang='lat' dir='ltr'>pore</span> <span class='ocrx_word' id='word_1_285' title='bbox 121 3026 274 3084; x_wconf 86' lang='lat' dir='ltr'>sententiae</span> <span class='ocrx_word' id='word_1_286' title='bbox 292 3026 455 3084; x_wconf 86' lang='lat' dir='ltr'>recitandae</span> <span class='ocrx_word' id='word_1_287' title='bbox 474 3025 502 3082; x_wconf 91' lang='lat' dir='ltr'>in</span> <span class='ocrx_word' id='word_1_288' title='bbox 522 3024 624 3082; x_wconf 82' lang='lat' dir='ltr'>iudicio</span> <span class='ocrx_word' id='word_1_289' title='bbox 643 3021 857 3157; x_wconf 52' lang='lat' dir='ltr'>invenieturlpp,</span> <span class='ocrx_word' id='word_1_290' title='bbox 885 3025 944 3099; x_wconf 83' lang='lat' dir='ltr'>rel,</span> <span class='ocrx_word' id='word_1_291' title='bbox 968 3026 1008 3082; x_wconf 72' lang='lat' dir='ltr'>si&#39;</span> 
     </span>
     <span class='ocr_line' id='line_1_38' title="bbox 33 3095 993 3184; baseline 0.001 -27"><span class='ocrx_word' id='word_1_292' title='bbox 33 3120 90 3157; x_wconf 94' lang='lat' dir='ltr'>non</span> <span class='ocrx_word' id='word_1_293' title='bbox 106 3099 224 3174; x_wconf 79' lang='lat' dir='ltr'>venerit,</span> <span class='ocrx_word' id='word_1_294' title='bbox 245 3099 339 3184; x_wconf 82' lang='lat' dir='ltr'>omnia</span> <span class='ocrx_word' id='word_1_295' title='bbox 358 3100 438 3158; x_wconf 90' lang='lat' dir='ltr'>dabit</span> <span class='ocrx_word' id='word_1_296' title='bbox 450 3097 598 3156; x_wconf 85' lang='lat' dir='ltr'>fideiussor</span> <span class='ocrx_word' id='word_1_297' title='bbox 606 3095 647 3176; x_wconf 78' lang='lat'>¹),</span> <span class='ocrx_word' id='word_1_298' title='bbox 665 3116 809 3176; x_wconf 76' lang='lat' dir='ltr'>quaecon</span> <span class='ocrx_word' id='word_1_299' title='bbox 831 3101 993 3158; x_wconf 90' lang='lat' dir='ltr'>emnatione</span> 
     </span>
    </p>
   </div>
   <div class='ocr_carea' id='block_1_3' title="bbox 34 3289 997 3403">
    <p class='ocr_par' dir='ltr' id='par_1_4' title="bbox 34 3289 997 3403">
     <span class='ocr_line' id='line_1_39' title="bbox 92 3289 997 3390; baseline -0.003 -54"><span class='ocrx_word' id='word_1_300' title='bbox 92 3293 279 3344; x_wconf 65' lang='lat' dir='ltr'>dietaverunt</span> <span class='ocrx_word' id='word_1_301' title='bbox 288 3313 318 3326; x_wconf 91' lang='lat'><em>-</em></span> <span class='ocrx_word' id='word_1_302' title='bbox 337 3293 361 3346; x_wconf 86' lang='lat' dir='ltr'>c)</span> <span class='ocrx_word' id='word_1_303' title='bbox 374 3292 490 3337; x_wconf 65' lang='lat' dir='ltr'>saumuro</span> <span class='ocrx_word' id='word_1_304' title='bbox 503 3291 642 3348; x_wconf 61' lang='lat' dir='ltr'>cosmum</span> <span class='ocrx_word' id='word_1_305' title='bbox 657 3291 781 3335; x_wconf 69' lang='lat' dir='ltr'>sutum.</span> <span class='ocrx_word' id='word_1_306' title='bbox 792 3311 821 3324; x_wconf 91' lang='lat'>-</span> <span class='ocrx_word' id='word_1_307' title='bbox 840 3289 858 3342; x_wconf 79' lang='lat' dir='ltr'>tt</span> <span class='ocrx_word' id='word_1_308' title='bbox 871 3290 896 3334; x_wconf 86' lang='lat' dir='ltr'>tu</span> <span class='ocrx_word' id='word_1_309' title='bbox 906 3300 997 3390; x_wconf 73' lang='lat' dir='ltr'>perso·</span> 
     </span>
     <span class='ocr_line' id='line_1_40' title="bbox 34 3345 995 3403; baseline -0.004 -10"><span class='ocrx_word' id='word_1_310' title='bbox 34 3359 94 3393; x_wconf 81' lang='lat' dir='ltr'>mor.</span> <span class='ocrx_word' id='word_1_311' title='bbox 103 3371 129 3382; x_wconf 92' lang='lat'>-</span> <span class='ocrx_word' id='word_1_312' title='bbox 142 3350 165 3402; x_wconf 70' lang='lat' dir='ltr'>tl</span> <span class='ocrx_word' id='word_1_313' title='bbox 174 3350 348 3398; x_wconf 60' lang='lat' dir='ltr'>mortar</span> <span class='ocrx_word' id='word_1_314' title='bbox 359 3349 465 3394; x_wconf 64' lang='lat' dir='ltr'>solimus</span> <span class='ocrx_word' id='word_1_315' title='bbox 474 3348 632 3403; x_wconf 57' lang='lat' dir='ltr'>simulatione.</span> <span class='ocrx_word' id='word_1_316' title='bbox 641 3368 670 3380; x_wconf 89' lang='lat'>-</span> <span class='ocrx_word' id='word_1_317' title='bbox 683 3348 708 3399; x_wconf 85' lang='lat' dir='ltr'>lr)</span> <span class='ocrx_word' id='word_1_318' title='bbox 719 3347 800 3392; x_wconf 64' lang='lat' dir='ltr'>amad.</span> <span class='ocrx_word' id='word_1_319' title='bbox 808 3366 837 3379; x_wconf 91' lang='lat'>-·</span> <span class='ocrx_word' id='word_1_320' title='bbox 849 3345 867 3399; x_wconf 89' lang='lat' dir='ltr'>l)</span> <span class='ocrx_word' id='word_1_321' title='bbox 875 3345 904 3390; x_wconf 84' lang='lat' dir='ltr'>de</span> <span class='ocrx_word' id='word_1_322' title='bbox 915 3377 921 3391; x_wconf 95' lang='lat'><strong><em>.</em></strong></span> <span class='ocrx_word' id='word_1_323' title='bbox 931 3346 995 3401; x_wconf 69' lang='lat' dir='ltr'>fiad.</span> 
     </span>
    </p>
   </div>
   <div class='ocr_carea' id='block_1_4' title="bbox 39 3466 997 3810">
    <p class='ocr_par' dir='ltr' id='par_1_5' title="bbox 39 3466 997 3810">
     <span class='ocr_line' id='line_1_41' title="bbox 39 3466 996 3574; baseline -0.006 0"><span class='ocrx_word' id='word_1_324' title='bbox 39 3470 439 3574; x_wconf 44' lang='lat' dir='ltr'>mgocldsdplooclddcdddrrmled</span> <span class='ocrx_word' id='word_1_325' title='bbox 456 3471 495 3572; x_wconf 64' lang='lat' dir='ltr'>dd.</span> <span class='ocrx_word' id='word_1_326' title='bbox 529 3467 910 3574; x_wconf 42' lang='lat' dir='ltr'>dtrlffldtmddtp‘dffiffildd</span> <span class='ocrx_word' id='word_1_327' title='bbox 918 3466 996 3568; x_wconf 52' lang='grc' dir='ltr'>Ἡ·</span> 
     </span>
     <span class='ocr_line' id='line_1_42' title="bbox 40 3556 996 3640; baseline -0.003 -13"><span class='ocrx_word' id='word_1_328' title='bbox 40 3585 68 3628; x_wconf 84' lang='lat' dir='ltr'>u.</span> <span class='ocrx_word' id='word_1_329' title='bbox 82 3561 239 3638; x_wconf 73' lang='lat' dir='ltr'>ts&#39;procurst</span> <span class='ocrx_word' id='word_1_330' title='bbox 253 3586 295 3640; x_wconf 77' lang='lat' dir='ltr'>tu,</span> <span class='ocrx_word' id='word_1_331' title='bbox 310 3586 335 3629; x_wconf 65' lang='lat' dir='ltr'>a</span> <span class='ocrx_word' id='word_1_332' title='bbox 348 3585 366 3630; x_wconf 84' lang='lat'>1.</span> <span class='ocrx_word' id='word_1_333' title='bbox 374 3559 419 3630; x_wconf 64' lang='grc' dir='ltr'>ω’</span> <span class='ocrx_word' id='word_1_334' title='bbox 434 3559 458 3640; x_wconf 60' lang='grc' dir='ltr'>ᾗ.</span> <span class='ocrx_word' id='word_1_335' title='bbox 471 3583 496 3629; x_wconf 80' lang='lat'>8.</span> <span class='ocrx_word' id='word_1_336' title='bbox 530 3583 585 3628; x_wconf 80' lang='lat' dir='ltr'>ceu.</span> <span class='ocrx_word' id='word_1_337' title='bbox 605 3582 685 3638; x_wconf 77' lang='lat' dir='ltr'>XXX,</span> <span class='ocrx_word' id='word_1_338' title='bbox 745 3556 779 3614; x_wconf 51' lang='lat'>-&#39;</span> <span class='ocrx_word' id='word_1_339' title='bbox 807 3584 833 3634; x_wconf 77' lang='lat' dir='ltr'>b)</span> <span class='ocrx_word' id='word_1_340' title='bbox 848 3580 876 3626; x_wconf 77' lang='lat' dir='ltr'>c.</span> <span class='ocrx_word' id='word_1_341' title='bbox 891 3556 921 3626; x_wconf 78' lang='lat' dir='ltr'>tle</span> <span class='ocrx_word' id='word_1_342' title='bbox 936 3591 996 3634; x_wconf 85' lang='lat' dir='ltr'>pro-</span> 
     </span>
     <span class='ocr_line' id='line_1_43' title="bbox 40 3637 993 3697; baseline -0.006 -12"><span class='ocrx_word' id='word_1_343' title='bbox 40 3663 67 3673; x_wconf 66' lang='lat'><em>*</em></span> <span class='ocrx_word' id='word_1_344' title='bbox 84 3641 146 3692; x_wconf 60' lang='lat' dir='ltr'>mn·</span> <span class='ocrx_word' id='word_1_345' title='bbox 160 3642 190 3685; x_wconf 62' lang='lat'>⁴0</span> <span class='ocrx_word' id='word_1_346' title='bbox 210 3651 304 3696; x_wconf 64' lang='lat' dir='ltr'>wowrs</span> <span class='ocrx_word' id='word_1_347' title='bbox 318 3642 366 3697; x_wconf 61' lang='lat' dir='ltr'>m,</span> <span class='ocrx_word' id='word_1_348' title='bbox 381 3641 404 3685; x_wconf 68' lang='lat'>³·</span> <span class='ocrx_word' id='word_1_349' title='bbox 425 3641 442 3684; x_wconf 63' lang='grc' dir='ltr'>ιι</span> <span class='ocrx_word' id='word_1_350' title='bbox 457 3639 496 3686; x_wconf 62' lang='lat' dir='ltr'>“a</span> <span class='ocrx_word' id='word_1_351' title='bbox 530 3649 581 3686; x_wconf 63' lang='grc' dir='ltr'>απ·</span> <span class='ocrx_word' id='word_1_352' title='bbox 594 3641 618 3684; x_wconf 76' lang='lat' dir='ltr'><strong>n</strong></span> <span class='ocrx_word' id='word_1_353' title='bbox 648 3639 685 3683; x_wconf 70' lang='lat'>¹8·</span> <span class='ocrx_word' id='word_1_354' title='bbox 705 3639 722 3683; x_wconf 75' lang='grc' dir='ltr'>Ι·</span> <span class='ocrx_word' id='word_1_355' title='bbox 740 3639 775 3690; x_wconf 65' lang='grc' dir='ltr'>1ιὶ</span> <span class='ocrx_word' id='word_1_356' title='bbox 796 3638 825 3683; x_wconf 68' lang='lat' dir='ltr'>n:</span> <span class='ocrx_word' id='word_1_357' title='bbox 841 3637 894 3681; x_wconf 65' lang='lat' dir='ltr'>eod·</span> <span class='ocrx_word' id='word_1_358' title='bbox 909 3637 954 3690; x_wconf 68' lang='lat' dir='ltr'>m,</span> <span class='ocrx_word' id='word_1_359' title='bbox 969 3637 993 3681; x_wconf 63' lang='grc' dir='ltr'>δι</span> 
     </span>
     <span class='ocr_line' id='line_1_44' title="bbox 40 3689 997 3752; baseline -0.004 -12"><span class='ocrx_word' id='word_1_360' title='bbox 40 3699 65 3746; x_wconf 75' lang='lat' dir='ltr'>tt.</span> <span class='ocrx_word' id='word_1_361' title='bbox 78 3696 113 3746; x_wconf 68' lang='lat' dir='ltr'>bt</span> <span class='ocrx_word' id='word_1_362' title='bbox 131 3696 159 3740; x_wconf 84' lang='lat' dir='ltr'>tls</span> <span class='ocrx_word' id='word_1_363' title='bbox 171 3705 222 3752; x_wconf 71' lang='lat' dir='ltr'>reg.</span> <span class='ocrx_word' id='word_1_364' title='bbox 237 3695 298 3743; x_wconf 85' lang='lat' dir='ltr'>inrls</span> <span class='ocrx_word' id='word_1_365' title='bbox 311 3697 340 3750; x_wconf 64' lang='lat'>1«,</span> <span class='ocrx_word' id='word_1_366' title='bbox 357 3695 394 3742; x_wconf 85' lang='lat' dir='ltr'>t&#39;l.</span> <span class='ocrx_word' id='word_1_367' title='bbox 410 3697 427 3741; x_wconf 91' lang='lat' dir='ltr'>l.</span> <span class='ocrx_word' id='word_1_368' title='bbox 444 3695 496 3742; x_wconf 72' lang='lat' dir='ltr'>tob.</span> <span class='ocrx_word' id='word_1_369' title='bbox 531 3695 639 3742; x_wconf 68' lang='lat' dir='ltr'>bod-l.</span> <span class='ocrx_word' id='word_1_370' title='bbox 650 3693 689 3741; x_wconf 79' lang='lat' dir='ltr'>till.</span> <span class='ocrx_word' id='word_1_371' title='bbox 704 3716 734 3728; x_wconf 89' lang='lat'>-</span> <span class='ocrx_word' id='word_1_372' title='bbox 762 3696 786 3748; x_wconf 75' lang='lat' dir='ltr'>b)</span> <span class='ocrx_word' id='word_1_373' title='bbox 801 3696 830 3740; x_wconf 89' lang='lat' dir='ltr'>ll.</span> <span class='ocrx_word' id='word_1_374' title='bbox 845 3693 915 3739; x_wconf 85' lang='lat' dir='ltr'>ludio.</span> <span class='ocrx_word' id='word_1_375' title='bbox 929 3689 997 3737; x_wconf 83' lang='lat' dir='ltr'>solvi</span> 
     </span>
     <span class='ocr_line' id='line_1_45' title="bbox 39 3749 726 3810; baseline 0.003 -14"><span class='ocrx_word' id='word_1_376' title='bbox 39 3773 67 3784; x_wconf 90' lang='lat'>-·</span> <span class='ocrx_word' id='word_1_377' title='bbox 84 3751 108 3805; x_wconf 77' lang='lat' dir='ltr'>t)</span> <span class='ocrx_word' id='word_1_378' title='bbox 124 3752 198 3796; x_wconf 74' lang='lat' dir='ltr'>Varro</span> <span class='ocrx_word' id='word_1_379' title='bbox 217 3753 235 3796; x_wconf 91' lang='grc'>1.</span> <span class='ocrx_word' id='word_1_380' title='bbox 254 3753 308 3798; x_wconf 65' lang='lat' dir='ltr'>lat.</span> <span class='ocrx_word' id='word_1_381' title='bbox 326 3752 356 3799; x_wconf 82' lang='lat' dir='ltr'>V.</span> <span class='ocrx_word' id='word_1_382' title='bbox 379 3749 497 3804; x_wconf 72' lang='lat' dir='ltr'>(tiotlroir.</span> <span class='ocrx_word' id='word_1_383' title='bbox 530 3751 619 3810; x_wconf 76' lang='lat' dir='ltr'>xavt,</span> <span class='ocrx_word' id='word_1_384' title='bbox 636 3751 658 3797; x_wconf 76' lang='grc'>7.</span> <span class='ocrx_word' id='word_1_385' title='bbox 673 3752 690 3796; x_wconf 93' lang='lat' dir='ltr'>l.</span> <span class='ocrx_word' id='word_1_386' title='bbox 702 3751 726 3798; x_wconf 74' lang='grc'>6.</span> 
     </span>
    </p>
   </div>
   <div class='ocr_carea' id='block_1_5' title="bbox 0 0 1290 4328">
    <p class='ocr_par' dir='ltr' id='par_1_6' title="bbox 0 0 1290 4328">
     <span class='ocr_line' id='line_1_46' title="bbox 0 0 1290 4328; baseline 0 0"><span class='ocrx_word' id='word_1_387' title='bbox 0 0 1290 4328; x_wconf 95' lang='lat' dir='ltr'> </span> 
     </span>
    </p>
   </div>
  </div>
 </body>
</html>
