2548 4342
49 315 217 378 tuamor.
247 315 295 377 Da
311 335 639 389 aaa.,po.na1ur.n.
656 317 712 388 lll,
728 324 755 375 l.
774 317 805 400 ᾖ.
816 325 916 378 5-5,
963 320 1029 384 107

48 467 155 533 liberi,
178 483 220 520 an
240 465 372 538 adoptivi.
409 465 519 534 Quibus
536 467 730 530 connumerari
747 485 860 522 necesse
879 478 921 524 est
939 471 1024 526 etiam

49 563 117 610 eos,
146 540 201 614 qui
224 557 260 594 ex
281 539 408 614 legitimis
428 539 540 615 quidem
561 541 743 596 matrimoniis
763 559 816 596 uun
837 555 901 598 suut
919 561 1025 618 proge-

50 616 120 682 niti,
151 613 242 668 curiis
265 624 358 670 tamen
382 613 531 668 civitatium
558 613 617 670 dati
635 614 786 670 secundum
805 615 934 670 divalium
954 635 1026 672 con-

50 687 293 760 stitutionum⁴)‚
312 705 385 763 quae
404 705 488 762 super
507 687 549 742 his
569 688 677 761 positae
698 700 776 759 sunt,
796 699 937 760 tenorem,
956 709 1025 745 suo-

52 781 114 816 rum
136 762 205 816 iura
228 761 431 816 nanciscuntur.
451 779 646 832 necaonem,
667 780 737 835 quos
750 773 861 818 nostrae
876 763 1025 838 amplexae

50 847 117 890 suut
139 835 358 890 constitutiones
368 835 410 906 4),
430 851 481 908 per
500 852 570 910 quas
590 835 738 905 iussimus,
758 837 781 891 si
800 837 861 910 quis
880 838 1024 902 mulierem

53 911 80 964 in
109 927 164 964 suo
194 908 381 964 coutubernio
407 907 592 982 copulaverit,
627 927 682 964 uon
708 910 744 964 ab
772 910 850 965 initio
876 909 1025 968 affectione

53 983 196 1051 maritali,
226 999 289 1038 eam
310 992 419 1050 tamen,
444 1001 507 1038 curn
528 1000 583 1056 qua
602 992 713 1056 poterat
731 981 836 1039 habere
855 984 1024 1059 coniugium,

54 1069 141 1112 etex
162 1075 201 1114 ea
220 1056 324 1112 liberos
343 1055 505 1128 sustulerit,
532 1065 630 1130 postea
650 1074 731 1126 vero,
754 1054 901 1112 affectione
922 1077 1024 1131 proce-

54 1131 142 1186 dente
151 1170 161 1198 ,
185 1131 275 1186 etiam
294 1129 427 1204 nuptialia
444 1130 625 1185 instrumenta
646 1149 707 1184 cum
723 1147 757 1185 ea
770 1129 877 1202 lecerit,
896 1129 1024 1207 filiosque

57 1205 98 1260 vel
119 1204 196 1260 filias
220 1203 366 1262 habuerit:
392 1222 447 1259 non
467 1203 555 1258 solum
575 1222 624 1259 eos
643 1203 759 1274 liberos,
780 1206 827 1280 qui
846 1215 910 1280 post
928 1205 1023 1262 dotem

56 1279 124 1332 editi
141 1287 229 1350 sunt,
257 1279 343 1334 iustos
364 1277 438 1334 etin
458 1286 596 1351 potestate
617 1295 677 1332 esse
696 1279 841 1352 patribus,
869 1279 919 1334 sed
939 1278 1024 1340 etiam

57 1351 237 1422 anteriores,
263 1353 310 1438 qui
338 1361 366 1408 et
392 1349 449 1422 his,
475 1351 522 1425 qui
550 1361 646 1424 postea
669 1352 724 1405 uati
744 1363 824 1420 suut,
850 1353 1024 1408 occasionem

56 1425 174 1498 legitimi
206 1427 328 1481 nummis
357 1425 570 1499 praestiteruut3
604 1425 678 1500 quod
706 1427 831 1481 obtinere
858 1427 1026 1495 censuimus,

58 1500 168 1554 etiamsi
191 1517 251 1554 non
271 1499 409 1574 progeniti
429 1497 532 1554 luerint
548 1509 609 1572 post
623 1498 716 1554 dotale
731 1501 941 1556 instrumentum
956 1519 1025 1556 con-

59 1572 162 1628 lectum
192 1573 293 1642 liberi,
314 1572 366 1642 ,vel
391 1573 473 1628 etiam
501 1574 559 1627 uati
586 1573 621 1626 ab
649 1572 703 1627 bac
727 1573 788 1629 luce
809 1573 940 1630 subtracti
961 1573 1026 1630 sue·

60 1646 162 1718 rint⁵).
217 1647 261 1702 lta
287 1647 399 1702 demum
427 1656 519 1700 tamen
547 1663 636 1720 nepos
663 1648 803 1720 neptisve,
830 1659 858 1703 et
884 1665 1026 1722 pronepos

60 1721 263 1794 proneptisve‚
284 1739 397 1776 suorum
417 1717 550 1774 heredum
571 1719 688 1774 numero
709 1732 792 1792 sunt,
812 1721 835 1776 si
854 1723 1026 1795 praecedens
1091 1746 1093 1750 ¹

62 1811 183 1866 persona
206 1794 322 1850 desierit
349 1795 377 1848 iu
400 1803 538 1866 potestate
561 1794 684 1866 parentis
704 1812 781 1866 esse,
810 1795 867 1850 sive
886 1805 976 1851 morte
995 1795 1025 1850 id

61 1869 209 1938 acciderit,
241 1869 298 1923 sive
317 1868 371 1924 alia
395 1867 518 1936 ratione,
546 1867 630 1922 veluti
648 1867 888 1938 emancipatione:
918 1870 1025 1924 namsi

62 1942 159 2013 perid
181 1954 312 2016 tempus,
337 1959 392 2015 quo
413 1941 473 2014 quis
493 1941 640 2010 moriatur,
667 1939 738 1996 filius
758 1941 786 1995 iu
806 1950 945 2016 potestate
964 1942 1026 1996 eius

62 2016 116 2085 sit,
146 2034 240 2089 neruos
266 2033 302 2070 ex
321 2032 356 2070 eo
374 2034 440 2069 suus
456 2015 537 2070 heres
554 2031 614 2070 esse
631 2033 685 2068 uon
706 2025 805 2088 potest.
845 2015 929 2090 idque
950 2026 978 2070 et
995 2015 1025 2072 in

61 2089 159 2144 ceteris
181 2088 319 2162 deinceps
338 2089 486 2144 liberorum
513 2087 638 2161 personis
665 2088 767 2144 dictum
790 2087 1024 2162 intellegimus⁶).

63 2159 186 2218 Postumi
208 2177 339 2237 qnoque,
366 2162 432 2236 qui,
456 2161 478 2215 si
498 2163 558 2216 vino
578 2172 695 2236 parente
713 2163 770 2218 uati
791 2174 898 2232 esseut,
924 2163 950 2217 iu
971 2179 1027 2236 po-

64 2247 162 2292 testate
181 2236 271 2291 suturi
290 2237 400 2302 forent,
426 2235 468 2290 sui
486 2234 605 2291 heredes
627 2245 699 2292 suut.
741 2235 791 2292 Sui
810 2246 921 2304 autem,
940 2237 1055 2298 etiamn

64 2307 242 2381 ignorantes,
269 2309 340 2364 tiuut
364 2308 503 2380 heredes,
534 2319 578 2376 et,
603 2308 666 2363 licet
689 2308 784 2364 furiosi
810 2311 882 2378 sint,
907 2309 1026 2365 heredes

65 2395 179 2452 possunt
206 2385 347 2445 existere:
395 2383 454 2452 uia,
467 2399 469 2406 ·
482 2383 581 2458 quibus
603 2401 638 2438 ex
658 2385 747 2438 causis
766 2384 957 2456 ignorantibus
977 2402 1027 2439 ac-

64 2457 181 2528 quiritur
202 2457 300 2523 uobis,
322 2475 362 2512 ex·
374 2402 421 2510 lus
442 2457 531 2511 causis
551 2467 579 2511 et
598 2456 708 2512 furiosis
730 2458 835 2533 acquiri
857 2468 958 2532 potest.
997 2465 1027 2512 et

65 2531 154 2584 statim
173 2542 267 2586 morte
287 2532 410 2604 parentis
428 2531 507 2606 quasi
525 2531 700 2586 continuatur
720 2529 890 2588 dominium:
914 2541 942 2586 et
961 2529 1026 2586 ideo

67 2619 115 2656 uec
134 2605 235 2665 tutoris
256 2605 421 2660 auctoritate
438 2623 509 2678 opus
528 2605 613 2660 estin
629 2603 747 2678 pupillis,
767 2624 829 2660 cum
845 2606 928 2661 etiam
944 2605 1027 2676 igno·
1076 2666 1078 2671 ¹

67 2677 190 2732 rantibus
210 2678 361 2752 acquiritur
388 2679 443 2733 suis
465 2677 614 2733 heredibus
632 2678 789 2748 hereditas,
819 2696 871 2734 nec
890 2678 1026 2732 curatoris

65 2767 201 2807 consensu
232 2753 383 2826 acquiritur
408 2750 532 2819 furioso,
559 2751 608 2806 sed
638 2752 697 2826 ipso
725 2753 784 2806 iure
797 2748 834 2824 ⁷).
882 2750 1054 2806 Interdumt

67 2833 177 2896 autem,
204 2825 271 2880 licet
295 2826 322 2880 in
350 2834 490 2900 potestate
516 2825 611 2880 mortis
637 2837 763 2896 tempore
777 2843 846 2878 suus
865 2824 947 2880 heres
969 2823 1025 2878 uon

67 2893 132 2968 luit,
154 2910 250 2954 tamen
271 2917 335 2954 suus
355 2901 436 2955 heres
453 2898 562 2974 parenti
581 2895 716 2967 efficitur,
739 2898 820 2954 veluti
840 2898 862 2952 si
883 2899 918 2952 ab
937 2897 1027 2952 bosti-

70 2967 117 3022 bus
135 2973 197 3044 quis
215 2989 343 3028 reversus
361 2972 445 3028 luerit
465 2983 527 3043 post
545 2982 659 3026 mortem
681 2972 782 3043 patris:
803 2973 844 3026 ius
858 2972 930 3026 etrim
946 2981 1026 3046 post-

68 3039 162 3098 liminii
183 3046 239 3101 hoc
257 3045 325 3102 lacit
335 3044 371 3121 ⁸).
411 3045 500 3114 ⁹)Per
517 3045 684 3100 contrarium
699 3046 805 3115 evenit,
825 3056 863 3117 ut,
885 3046 948 3102 licet
964 3043 1056 3120 quisti

69 3113 95 3167 iu
120 3117 227 3174 t'nmilia
254 3119 378 3176 defuncti
405 3121 439 3174 sit
464 3120 560 3174 mortis
579 3130 722 3191 tempore,
748 3131 840 3174 tamen
861 3137 926 3175 suus
944 3119 1026 3174 heres

70 3205 123 3242 uon
144 3191 214 3261 fiat,
235 3193 318 3249 veluti
337 3195 359 3250 si
377 3204 440 3268 post
458 3203 575 3248 mortem
593 3210 671 3247 suam
692 3203 772 3266 pater
790 3193 926 3248 iudicatus
941 3192 1027 3248 suerit

70 3275 131 3316 teus
152 3265 365 3336 perduellionis,
385 3286 418 3323 ac
438 3285 489 3340 per
507 3266 561 3321 hoc
579 3266 713 3322 memoria
732 3267 792 3322 eius
812 3267 942 3322 damnata
961 3265 1027 3320 sue-

69 3333 121 3392 rit:
141 3359 220 3394 suum
241 3342 314 3399 enim
336 3341 468 3398 heredem
489 3339 593 3395 habere
612 3358 668 3394 non
687 3351 796 3414 potest,
816 3359 878 3395 cum
898 3339 980 3394 fiscus
999 3339 1026 3394 ci

72 3469 285 3488 *nnn-a·—

100 3546 122 3597 l)
139 3549 164 3592 C.
181 3551 209 3594 tle
225 3556 273 3597 nat.
288 3553 328 3595 lib.
344 3553 373 3606 V,
390 3551 426 3593 at.
442 3551 457 3592 1.
471 3551 493 3592 a.
509 3549 531 3593 l.
565 3548 645 3591 bered.
662 3545 742 3600 (thalia
756 3549 785 3594 ΙΙ,
798 3546 832 3590 te.
848 3547 872 3602 S.
882 3548 903 3590 2.
918 3567 946 3578 -
965 3545 1028 3598 8)1).

76 3601 109 3661 tlt.
122 3627 146 3636 -
162 3609 186 3655 a)
201 3611 219 3651 l.
235 3610 263 3651 tte
278 3607 366 3659 nuntiis
381 3607 446 3662 1,to.
462 3607 531 3659 §.tta
566 3603 605 3656 qui
621 3608 714 3646 testam.
731 3604 840 3656 xlll'ltl,
859 3606 878 3646 t.
899 3603 915 3646 l.
933 3603 969 3646 12.
999 3601 1028 3648 (ἲ.

70 3657 99 3697 ἱῗ.
120 3659 147 3700 tle
168 3667 215 3706 nat.
237 3665 276 3708 llh.
296 3665 326 3712 V,
349 3665 385 3707 27.
414 3664 429 3704 l.
448 3663 483 3704 ll.
505 3683 532 3694 -
566 3661 596 3702 de
612 3659 789 3712 postlinnl'lll,
805 3659 947 3705 51.1.9.—
966 3657 1029 3711 ΒΗ).

70 3711 97 3759 (it
111 3716 127 3754 l.
142 3717 170 3756 de.
186 3722 296 3764 exhered.
313 3721 352 3762 lih.
368 3721 402 3770 Π,
421 3720 457 3762 ta.
472 3717 496 3770 S.
510 3719 531 3761 2.
567 3719 589 3759 lt.
605 3719 621 3760 l.
639 3717 659 3759 l.
674 3717 698 3770 S.
712 3717 795 3759 a...ts.

72 3769 450 3822 *ii1l.b.l.td.t,·.b.l.8.
472 3777 489 3818 1.
503 3774 533 3817 tle
