2520 4328
37 357 214 416 tuscum.
246 352 292 410 [hc
302 370 489 411 sturionum.
499 371 615 412 nuuuu.
625 354 666 424 11,
678 359 728 411 25.
743 353 777 432 ξ.
788 358 918 410 tri-tt.
964 353 1025 416 103

39 503 213 559 maximam
237 510 345 574 partem
373 501 532 556 hereditatis
558 501 699 572 continet,
729 511 846 573 rugatus
869 503 904 556 sit
928 502 1025 576 aliquis

43 575 251 632 hereditatem
277 575 437 645 restituere,
464 574 536 629 idem
565 575 629 628 iuris
656 585 706 630 est.
746 575 831 638 Quae
850 573 968 630 diximus
989 577 1024 630 de

41 670 100 722 eo,
124 649 180 724 qui
205 665 321 704 exesse
341 647 421 702 heres
438 647 576 702 institutus
594 657 650 717 est,
677 648 775 704 eadem
799 645 1023 722 transleriruuss)

39 736 74 780 -et
95 722 137 778 ad
160 739 250 792 eum,
270 721 371 796 quiex
391 730 470 794 parte
491 721 571 776 heres
591 723 707 796 scriptus
727 731 769 776 est
784 724 835 789 ¹²).

105 795 273 852 Praeterea
308 795 452 850 intestatus
485 812 539 868 quo
561 811 595 849 ue
623 795 770 849 moriturus
802 802 894 868 potest
925 803 1069 868 rogarem

39 888 134 940 eum,
166 867 210 924 ad
235 884 319 942 quem
344 868 418 924 bona
442 885 494 922 sua
517 813 558 922 vd
583 867 708 942 legitimo
732 869 796 924 iure
816 866 857 922 vel
877 865 1024 924 honorario

45 943 205 1017 pertinere
234 941 389 1012 intellegit,
421 951 449 996 ut
475 940 656 996 hereditatem
675 959 753 997 suam
776 949 861 995 totam
881 951 1024 1015 partemve

46 1019 121 1088 eius,
145 1028 201 1072 aut
222 1033 281 1070 rem
301 1015 432 1089 aliquam,
453 1013 534 1070 veluti
552 1013 678 1086 fundum,
699 1014 851 1082 homiuem,
869 1014 1024 1087 pecuniam,

47 1091 136 1146 alicui
165 1089 316 1145 restituat:
343 1107 406 1144 cum
432 1087 552 1162 alioquin
577 1087 685 1161 legata,
713 1089 764 1142 nisi
792 1105 829 1142 ex
849 1096 1023 1160 testamento,

50 1182 108 1220 non
129 1161 316 1234 valeuut¹³).
360 1161 433 1216 Eum
450 1179 576 1235 quoque,
596 1161 640 1217 cui
659 1161 762 1236 aliquid
785 1159 952 1230 restituitur,
972 1179 1027 1234 po·
1039 1173 1065 1216 ιι

51 1249 107 1292 test
134 1253 263 1309 rogare,
288 1245 318 1290 ut
343 1234 371 1289 id
391 1252 484 1290 rursus
504 1234 549 1290 alii
570 1244 679 1306 totum,
707 1246 754 1290 aut
783 1252 834 1309 pro
859 1243 957 1308 parte,
985 1235 1026 1288 rel

51 1311 140 1365 etiam
166 1309 249 1366 aliud
269 1308 372 1383 aliquid
392 1308 519 1364 restituat
531 1307 581 1378 ¹⁴).
631 1307 668 1362 Et
686 1309 752 1382 quia
773 1307 863 1382 prima
881 1307 1069 1364 fideicom-tz

53 1385 210 1439 missorum
233 1382 371 1438 cunabula
391 1399 409 1436 a
426 1380 482 1437 fide
498 1379 631 1436 heredum
647 1381 790 1454 pendent,
811 1391 909 1436 ettam
925 1399 1027 1438 uumeu

53 1475 141 1531 quam
170 1455 359 1515 substantium
381 1463 567 1530 acceperunt,
595 1465 622 1509 et
648 1455 712 1510 ideo
733 1455 814 1510 divus
833 1456 970 1528 Augustus
991 1455 1026 1510 ad

55 1531 261 1586 necessitatem
278 1530 345 1584 iuris
362 1545 396 1584 ea
417 1528 552 1584 detraxit:
571 1545 661 1602 nuper
676 1538 704 1584 et
719 1547 793 1599 nos,
816 1529 934 1583 eundem
949 1529 1029 1602 prin-

54 1606 150 1677 cipem
171 1621 312 1677 superare
332 1601 555 1672 contendentes,
576 1619 610 1656 ex
626 1601 719 1672 facto,
741 1600 816 1676 quod
830 1601 1028 1670 Tribouianus,

58 1680 97 1732 vir
117 1678 268 1748 excelsus,
290 1685 421 1751 quaestor
431 1675 458 1748 ιι)
481 1675 551 1730 sacri
570 1675 682 1748 palatii,
708 1675 865 1748 suggessit,
894 1677 1028 1731 constitu·

57 1752 165 1806 nonem
193 1751 333 1819 fecimus,
362 1767 412 1822 per
436 1766 519 1823 quam
545 1747 747 1822 disposuimus:
773 1749 795 1804 si
821 1759 937 1804 testator
962 1749 1027 1804 fidei

59 1823 174 1879 heredis
195 1825 240 1880 sui
260 1823 410 1894 commisit,
433 1833 462 1877 nt
480 1822 522 1876 vel
542 1822 724 1878 hereditatem
747 1821 788 1876 vel
805 1823 925 1895 speciale
946 1822 1028 1877 tidel-

57 1899 242 1953 commissum
268 1897 410 1966 restituat,
445 1905 473 1951 et
503 1913 595 1970 neque
623 1913 658 1951 eu
685 1894 838 1968 scriptura,
872 1912 964 1969 neque
991 1913 1028 1950 ex

60 1971 186 2046 quinque
215 1971 326 2026 testium
352 1987 485 2037 numero,
517 1969 564 2042 qui
590 1969 617 2023 iu
643 1967 863 2024 fideicommissis
889 1968 1028 2042 legitimus

57 2061 121 2098 esse
142 2045 280 2114 nuscitur,
300 2062 343 2098 res
363 2043 448 2117 possit
464 2041 643 2113 manifestari,
663 2041 712 2097 sed
728 2041 771 2098 vel
785 2041 930 2115 pauciores
944 2060 1027 2116 quam

61 2118 206 2192 quinque,
234 2117 276 2172 vel
303 2135 384 2173 uerno
410 2117 520 2188 penitus
545 2116 621 2172 testis
647 2115 846 2186 intervenerit,
869 2125 950 2186 tunc,
969 2115 1028 2170 sive

82 2200 144 2245 ater
164 2190 297 2259 heredis,
323 2190 380 2245 sive
400 2190 469 2244 alius
489 2189 654 2264 quicumque
673 2191 723 2259 sit,
743 2188 790 2264 qui
810 2188 893 2244 fidem
914 2188 1029 2262 elegerit

61 2208 197 2332 heredis,
219 2275 247 2320 et
267 2265 302 2319 ab
323 2281 357 2319 eo
378 2263 482 2337 aliquid
500 2263 607 2318 restitui
627 2263 759 2330 voluerit,
778 2261 801 2317 si
815 2262 897 2320 heres
910 2262 1029 2336 persidia

63 2347 157 2394 tentus
178 2338 335 2412 adimplere
354 2335 437 2391 fidem
458 2347 583 2406 recusat,
603 2336 734 2410 negando
753 2354 811 2391 rem
832 2337 871 2392 ita
885 2348 945 2392 esse
960 2337 1029 2391 suh-

62 2421 212 2482 secutam,
235 2411 258 2468 si
278 2409 547 2466 fideicommissarius
562 2410 751 2465 iusiurandum
767 2411 793 2466 ei
808 2410 946 2478 detulerit,
966 2429 1027 2467 cum

65 2483 140 2556 prius
160 2485 225 2558 ipse
245 2484 281 2540 de
301 2484 437 2539 calumnia
456 2484 606 2554 iuraverit,
630 2501 742 2540 necesse
761 2502 825 2539 eum
845 2483 965 2555 habere,
986 2485 1029 2538 rel

65 2557 260 2614 iusiurandum
282 2557 391 2628 subire,
411 2558 485 2631 quod
506 2557 574 2612 nihil
594 2556 649 2612 tale
668 2576 685 2612 a
703 2567 834 2614 testatore
853 2557 966 2626 audivit,
987 2559 1029 2614 vel

67 2642 246 2687 recusantem
265 2631 301 2688 ad
319 2629 542 2699 fideicommissi,
561 2631 602 2688 vel
621 2630 821 2698 universitatis,
840 2631 883 2686 rel
901 2631 1029 2704 specialis

67 2703 236 2760 solutionem
257 2705 392 2774 coartari,
421 2722 456 2760 ne
476 2704 611 2777 depereat
631 2705 725 2759 ultima
745 2704 869 2758 voluntas
889 2706 1029 2760 testatoris

67 2774 132 2832 fidei
153 2778 269 2836 heredis
288 2778 441 2834 commissa.
480 2779 577 2833 eadem
600 2777 740 2833 observari
759 2778 923 2847 censuimus,
941 2777 992 2831 etsi
1011 2796 1029 2832 a

66 2847 223 2923 legatario,
258 2851 300 2907 vel
323 2851 593 2920 fideicommissario,
626 2850 728 2924 aliquid
755 2850 879 2906 similiter
903 2850 1028 2906 relictum

67 2922 110 2978 sit.
130 2925 234 2998 quodsi
251 2925 288 2996 is,
308 2943 399 3000 aquo
419 2925 542 2980 relictum
562 2924 675 2994 dicitur,
697 2922 861 2979 confiteatur
881 2922 992 2998 quidem
1005 2919 1026 2998 i)

66 2996 172 3070 aliquid
193 3016 211 3054 a
230 3017 260 3055 se
280 2998 404 3054 relictum
424 3016 501 3070 esse,
520 2998 569 3054 sed
590 2998 625 3052 ad
645 2997 713 3072 legis
732 2997 909 3054 subtilitatem
927 2997 1028 3053 decur-

70 3079 133 3141 rat,
155 3071 317 3128 omnimodo
338 3072 479 3146 cogendus
500 3082 542 3128 est
561 3071 668 3128 solvere
681 3070 731 3144 ¹⁵).

71 3185 291 3202 ’Ἣ

72 3247 296 3351 Μιαῗηηῆῗςιω.
318 3269 345 3278 -
389 3249 413 3297 ιι)
432 3247 591 3300 exquaestore.
617 3269 644 3278 -
687 3246 703 3297 ι)
723 3257 743 3290 c.
766 3258 787 3299 q.
812 3246 933 3298 nortonam
956 3253 1029 3298 nepo·

101 3439 277 3495 ttlpllncnn.
293 3444 321 3497 X,
338 3442 375 3486 ⁷9.
404 3443 470 3486 Μ.
487 3445 532 3486 ll.
567 3451 618 3495 ρης
648 3440 677 3482 de
699 3438 750 3484 lure
772 3438 873 3482 codicill.
894 3440 982 3492 XXIX,
1006 3440 1028 3483 7.

71 3490 96 3542 8.
107 3495 232 3541 inurar.
248 3500 263 3542 1.
271 3499 308 3542 rr.
321 3499 345 3551 s.
356 3499 391 3542 ιι.
406 3499 421 3540 r.
429 3499 467 3544 ao.
480 3500 532 3552 §.a
568 3501 584 3542 r.
599 3499 622 3538 s.
638 3507 671 3548 nr.
693 3497 710 3538 r.
725 3498 748 3539 s.
764 3495 789 3548 s.
806 3496 839 3549 1.;
860 3495 891 3538 nu
905 3497 921 3538 1.
937 3495 1028 3539 sarcis.

71 3547 89 3588 1.
102 3547 137 3592 72.
151 3551 188 3595 25.
205 3551 229 3606 S.
243 3557 306 3598 l.—
339 3555 374 3605 13)
388 3556 458 3598 Paul.
471 3557 532 3597 serit.
567 3552 817 3601 xxxv.2.l.1s.-
847 3550 885 3602 14)
898 3551 927 3594 D.
943 3553 1027 3595 lull.

74 3601 531 3665 tv‚l,t⁰.1.ucrorlicttnsn,ta.s.r.
568 3609 630 3660 §.a
651 3609 720 3650 ubo.
743 3607 766 3662 s.
783 3607 804 3650 2.
827 3627 855 3637 -
891 3608 928 3657 ld)
944 3609 970 3652 c.
985 3609 1028 3664 v1‚

74 3657 140 3703 Μ.
159 3664 212 3709 l.t.
233 3667 295 3721 §.a
316 3666 531 3719 results,
566 3659 690 3707 distat.
