2566 4344
73 355 232 416 luerrrur.
260 352 307 412 Dr
319 371 388 414 nou.
401 371 439 414 ar
449 371 542 416 cono.
557 355 613 426 lii,
624 360 675 414 nt.
689 353 772 434 (ab.)
788 353 820 436 ξ,
834 361 934 417 4-6.
980 355 1045 422 147

73 502 156 574 ctio,
185 511 215 559 ut
233 503 261 559 iu
281 501 447 578 quibusdam
467 503 557 560 caune
577 503 675 577 quaeri
693 504 798 578 soleat,
825 516 916 563 utrum
936 510 1043 583 emptio

74 586 109 634 et
128 575 250 632 venditio
271 575 467 646 contrahatur,
493 594 529 634 an
555 576 656 633 locatio
676 587 705 636 et
723 579 878 636 conductio.
914 579 954 638 Ut
975 600 1042 640 ecce

75 651 118 708 de
143 649 283 726 praediis,
311 667 385 725 quae
403 661 541 726 perpetuo
561 651 725 726 quibusdam
745 652 864 710 fruenda
885 654 1044 725 traduntur,

74 723 109 780 id
137 734 180 780 est
205 733 251 796 ut,
285 723 417 799 quamdiu
443 723 542 800 pensio
567 723 625 781 rive
650 725 755 782 reditus
781 744 834 802 pro
859 727 902 783 his
925 727 1043 785 domino

75 807 256 874 praestetur,
277 815 369 872 neque
388 797 440 888 ipsi
455 797 632 870 conductori,
652 817 744 874 neque
759 800 856 872 heredi
870 801 946 875 eius,
963 803 1043 866 coire

74 871 235 929 conductor
250 871 367 928 heresve
386 890 446 928 erus
466 871 494 926 id
516 871 662 946 praedium
682 873 855 948 vendiderit,
883 885 932 931 aut
951 875 1043 932 dona-

76 945 168 1014 verit,
195 954 244 1000 aut
263 944 336 1001 dotis
356 945 469 1002 nomine
488 944 617 1013 dederit,
644 946 734 1004 aiiorc
755 967 811 1024 quo
830 949 916 1005 ruodo
935 949 1043 1006 aliena-

75 1018 168 1087 verit,
187 1017 299 1074 auserre
318 1018 410 1076 liceat.
448 1019 498 1075 sed
518 1019 580 1075 talis
595 1029 770 1094 contractus,
789 1022 856 1097 quia
872 1023 947 1078 iuter
965 1031 1043 1080 vete-

76 1110 125 1149 rer
153 1091 349 1164 dubitabatur,
386 1101 415 1150 et
439 1097 459 1148 ‘a
486 1093 653 1168 quibusdam
679 1092 797 1166 locatio,
830 1113 847 1152 a
876 1095 1042 1172 quibusdam

77 1165 204 1222 venditio
225 1166 452 1224 existimabatur:
476 1166 524 1222 lex
543 1165 708 1223 Zenoniana
726 1167 785 1224 lata
803 1178 866 1240 est,
888 1187 962 1244 quae
981 1188 1043 1226 em-

77 1239 253 1314 phyteuseos
276 1239 430 1295 contractui
439 1236 464 1316 ⁹)
493 1241 635 1315 propriam
660 1243 757 1296 statuit
776 1251 923 1310 naturam,
949 1260 1042 1318 neque

77 1313 118 1369 ad
138 1312 321 1384 locationem,
341 1330 434 1442 nepue
455 1313 490 1368 ad
509 1314 695 1370 venditionem
710 1314 903 1387 inclinantem,
923 1316 972 1372 scd
987 1318 1043 1372 suis

78 1387 256 1462 pactionibus
272 1385 375 1442 tuicien
397 1403 463 1458 ern,
485 1398 528 1458 et,
547 1388 570 1442 si
589 1387 702 1463 quidem
723 1388 827 1464 aliquid
848 1401 960 1464 pactum
979 1389 1044 1446 sue-

78 1461 134 1531 rit,
155 1458 209 1516 hoc
227 1461 266 1514 ita
286 1460 427 1532 obtinere,
448 1461 504 1516 acsi
525 1461 692 1534 naturalisi)
710 1474 782 1519 essct
801 1473 979 1536 contractus,
1001 1465 1044 1526 sin

77 1543 177 1590 autem
197 1533 263 1588 nihii
283 1533 319 1589 de
338 1533 462 1608 periculo
483 1533 523 1589 rei
541 1533 625 1591 suerit
645 1545 775 1610 pactum,
795 1547 876 1610 tunc,
895 1537 917 1592 si
931 1537 1048 1612 quidem

78 1607 167 1664 totius
192 1607 233 1662 rei
256 1607 383 1662 interitus
408 1608 570 1678 accesserit,
599 1609 634 1663 ad
655 1609 798 1665 domiuum
817 1628 902 1684 super
920 1609 974 1666 hoc
997 1629 1045 1667 re-

77 1679 211 1736 dundare
232 1679 405 1767 periculum,
434 1681 475 1736 rin
498 1681 688 1756 particuiaris,
706 1683 743 1738 ad
762 1682 1042 1758 emphyteuticarium

79 1753 241 1810 huiusmodi
261 1753 393 1810 damnum
415 1755 518 1811 venire.
541 1773 596 1830 quo
612 1757 671 1812 iure
687 1755 833 1826 utimur⁵).
871 1757 941 1814 item
955 1775 1072 1833 quae-r

79 1829 167 1900 ritur,
193 1829 215 1883 si
235 1845 296 1884 cum
317 1827 431 1884 aurifice
450 1829 477 1883 Τ
480 1829 542 1884 itius
559 1830 736 1902 convenerit,
756 1839 786 1885 ut
805 1830 827 1884 is
846 1847 883 1885 ex
904 1847 972 1886 auro
992 1851 1043 1888 suo

77 1902 151 1959 certi
168 1901 307 1976 ponderis
332 1912 482 1990 certaeque
508 1903 616 1958 formae
638 1903 734 1959 anulos
753 1904 780 1959 ei
799 1901 922 1975 iaceret,
947 1914 976 1960 et
995 1923 1044 1961 ac-

78 1975 241 2050 ceperim),
268 1975 344 2031 verbi
371 1987 461 2050 grotta
488 1994 589 2033 aureos
615 1975 734 2050 decem,
764 1986 854 2032 utrum
883 1977 988 2052 emptio
1015 1989 1046 2034 et

79 2048 207 2106 venditio
226 2049 351 2105 contrahi
370 2050 513 2118 videatur,
538 2066 575 2107 an
593 2049 695 2108 locatio
713 2058 742 2108 et
760 2046 932 2106 conductio?
971 2049 1044 2106 Ces-

78 2125 139 2180 rius
160 2123 219 2193 ait,
246 2123 380 2179 materiae
401 2123 513 2200 quidem
532 2125 702 2197 emptionem
723 2135 752 2180 et
768 2123 954 2180 venditionem
975 2141 1046 2179 con-

79 2195 172 2270 trahi,
194 2213 300 2270 operae
319 2207 412 2252 autem
435 2196 603 2253 iurationem
623 2207 652 2254 et
670 2197 893 2254 conductionem.
912 2197 962 2253 red
980 2197 1045 2272 pla-

79 2270 156 2342 cuit,
183 2278 289 2324 tautnm
314 2271 483 2344 emptionem
509 2281 539 2327 et
566 2271 750 2327 venditionem
772 2271 906 2328 contrahi.
944 2271 1045 2346 quodsi
1132 2285 1134 2288 ·

78 2361 164 2401 suum
182 2359 279 2399 aurum
299 2343 391 2399 Titius
411 2344 535 2416 dederit,
557 2345 686 2401 mercede
707 2364 757 2420 pro
777 2362 865 2419 opera
880 2346 1043 2414 constituta,

12 2449 14 2458 0
80 2417 199 2474 dubium
221 2435 276 2472 nou
296 2426 353 2487 est,
373 2418 439 2493 quin
460 2418 561 2474 locatio
582 2427 610 2472 et
630 2418 777 2475 conductio
796 2419 879 2490 sit⁶).

141 2489 304 2546 Conductor
331 2491 425 2547 omnia
452 2491 605 2556 secundum
627 2492 716 2566 legem
736 2491 929 2548 conductionis
948 2489 1074 2548 iaceres

80 2565 191 2637 debet,
216 2573 264 2636 et,
288 2563 311 2618 si
338 2563 406 2639 quid
432 2565 460 2620 in
486 2564 549 2639 iege
574 2567 800 2640 praetermissum
825 2565 927 2635 suerit,
954 2565 1044 2621 ider

82 2639 160 2694 bono
186 2647 216 2694 et
243 2653 333 2712 aequo
361 2637 447 2694 debet
474 2648 627 2714 praestare.
666 2639 724 2706 Qui
748 2658 800 2714 pru
821 2659 871 2695 usu
892 2647 941 2696 aut
960 2640 1045 2694 vesti-

82 2723 258 2782 mentorum,
280 2722 328 2766 aut
344 2712 468 2786 argenti,
489 2722 538 2767 aut
557 2713 690 2781 iumenti,
709 2711 867 2770 mercedem
888 2721 936 2766 aut
956 2711 1044 2782 dedit,

81 2796 134 2842 out
153 2785 295 2860 promisit,
316 2785 352 2840 ab
374 2803 408 2841 eo
428 2785 555 2842 custodia
577 2786 637 2840 tatic
656 2785 847 2856 desideratur,
868 2784 980 2859 quatem
1001 2785 1047 2840 di-

81 2859 278 2934 ligentissimus
308 2857 510 2933 paterfamilias
544 2859 600 2914 suis
632 2859 715 2914 rebus
743 2857 867 2914 adhibet.
911 2874 995 2931 quam
1023 2859 1047 2913 ei

81 2933 273 3008 praestiterit,
291 2942 320 2987 et
338 2933 432 3009 aliquo
452 2949 517 2990 casn
533 2951 591 2988 rem
606 2932 748 3004 amiserit,
771 2932 806 2988 de
824 2929 995 2987 restituenda
1012 2947 1048 2986 ea

82 3024 143 3063 non
164 3006 350 3078 tenebitur⁷).
501 3065 504 3071 ,
524 3019 526 3022 ·
957 3031 960 3038 ·

140 3079 252 3136 Mortuo
279 3078 448 3135 conductore
473 3077 546 3134 intra
572 3087 700 3152 tempora
726 3077 932 3152 conductionis,
960 3077 1073 3138 herese

83 3154 144 3210 eius
166 3155 266 3210 eodem
285 3153 347 3209 iure
365 3153 395 3208 in
414 3153 626 3209 conductionem
644 3151 767 3210 succedit
778 3152 814 3228 ⁰).

142 3349 164 3401 c)
179 3347 319 3392 courcero.
335 3371 362 3380 -
392 3347 415 3399 d)
430 3348 515 3390 natura
528 3346 590 3390 tutu.
605 3367 634 3378 -
663 3347 686 3399 e)
701 3345 822 3399 occiperet.
845 3361 857 3369 ⁸

110 3467 138 3524 b)
153 3471 182 3516 1).
197 3469 220 3515 ir.
236 3471 252 3516 1.
268 3471 290 3516 ί.
305 3470 330 3526 8.
345 3473 380 3528 t.;
395 3469 416 3514 rt
431 3479 490 3524 ager
506 3479 550 3514 ve·
584 3465 935 3518 13.14.15.(Wenclr).-
971 3465 1046 3517 θη).

83 3525 241 3580 criminun,
257 3527 280 3571 e.
310 3529 370 3573 (1.1.
385 3526 483 3572 dcture
498 3537 550 3569 cm·
582 3525 605 3568 tr.
626 3527 641 3568 l.
659 3526 680 3568 r.
703 3526 728 3577 s.
745 3525 780 3566 1.·
804 3521 1045 3572 oeconomicum.

82 3583 347 3638 „intereman-
368 3581 478 3636 Hyginus
495 3581 549 3630 (net
583 3551 832 3635 xvn1,1.1.2d.-
862 3575 885 3627 r)
901 3576 929 3620 n.
946 3577 1046 3650 nuru

84 3639 197 3690 ugruriae
217 3639 389 3692 reciprocos.
410 3639 549 3692 prone.)
584 3641 608 3688 s.
623 3638 646 3679 3.
676 3637 702 3679 C.
721 3636 743 3677 tr.
765 3635 781 3677 l.
799 3632 835 3678 ¹9.
855 3633 893 3676 εδ.
917 3653 945 3664 -
981 3632 1047 3684 ΘΗΛ

84 3695 145 3740 Pliu.
163 3693 285 3750 convo,
304 3696 340 3740 18.
371 3697 396 3742 c.
413 3695 502 3739 'l'treod
518 3695 548 3751 V,
583 3695 605 3736 u.
625 3693 641 3736 l.
659 3693 695 3737 itt.
1045 3709 1048 3720 λ

826 3861 886 3918 Gr
