2520 4328
223 349 225 356 =
254 313 298 377 0⁰
338 311 488 372 latentur.
513 309 952 370 Dans.nrnonu1rnur.aoss.
962 311 1004 384 11,
1014 315 1046 370 e.
1062 309 1226 394 §.tt-al

255 461 350 529 derit,
377 459 444 535 quin
470 460 509 528 is,
534 460 582 536 qui
608 459 764 534 acceperit,
790 469 943 534 usucapere
967 453 1075 534 possit,
1106 457 1226 527 dubim

257 543 391 605 nonest,
416 533 522 610 qnippe
541 551 577 589 ea
595 549 639 588 res
659 532 687 587 iu
706 531 771 588 lurti
790 531 884 588 sitium
903 550 960 588 non
978 532 1149 604 ceciderit,
1175 549 1226 590 cul

258 609 356 684 utique
383 607 480 674 herm,
507 607 556 681 qui
584 606 658 663 bona
682 604 740 662 lide
767 615 909 681 tamquam
937 623 1015 662 suam
1044 606 1226 666 alienaveri

225 680 361 740 *sinuum
382 697 438 736 non
457 679 611 736 committit.
647 679 713 736 item
733 679 815 748 siis,
839 679 876 735 ad
893 697 977 755 quem
997 679 1126 736 ancillae
1153 697 1226 736 usus

257 755 362 810 tructus
381 753 510 842 pertinet,
530 762 640 827 partum
658 770 737 808 suum
757 769 820 808 csse
837 753 963 824 credens,
981 753 1157 810 vendiderit
1193 769 1226 810 au

257 827 422 898 donarent,
442 825 546 882 lurtum
565 843 622 882 non
638 826 799 884 committit:
817 824 923 884 lurtum
942 826 1015 882 enim
1034 827 1100 884 sine
1122 844 1143 882 n
1174 839 1226 883 eca

228 898 369 958 ofurandi
396 917 452 955 non
480 899 658 955 committitur
671 902 722 972 ¹⁰).
757 899 818 954 aliis
841 917 953 1027 quospue
979 899 1071 956 modis
1093 900 1226 957 occider

257 982 366 1050 potest,
392 983 423 1029 ut
448 973 510 1048 quis
535 973 594 1029 sine
619 972 685 1028 vitio
709 971 778 1028 iurti·
802 990 860 1028 rem
888 972 1006 1028 aienam
1032 973 1070 1030 ad
1100 974 1142 1030 ali
1170 993 1226 1032 nen

231 1045 422 1118 tuensierat,
446 1055 475 1102 et
491 1043 608 1118 efficiat,
633 1056 663 1100 ut
682 1062 699 1102 a
717 1062 876 1119 possessore
896 1047 1086 1122 usucapiatur.
1140 993 1176 1114 ὃ

260 1130 353 1177 sutem
379 1118 415 1176 ad
441 1137 490 1176 cas
507 1137 568 1192 res,
601 1136 675 1206 quoe
702 1118 762 1174 solo
787 1119 985 1190 continentur,
1020 1119 1199 1195 expeditius
1211 1125 1226 1160 ²³

258 1192 395 1269 procedit.
434 1201 479 1266 ut,
499 1191 540 1248 si¹
573 1210 635 1267 qurs
655 1191 708 1248 loci
723 1193 845 1248 vacantis
860 1194 1063 1266 possessionem
1072 1221 1088 1264 ,·
1104 1187 1226 1268 proptel

260 1267 413 1324 absentiam
429 1277 477 1322 aut
490 1284 543 1340 neg
554 1265 686 1342 igentiam
701 1264 804 1321 domini
812 1305 821 1334 ,
841 1277 890 1322 eut
904 1265 968 1342 quia
983 1268 1043 1323 sine
1057 1285 1226 1326 successore

260 1341 428 1412 decesserit,
449 1341 509 1396 sine
528 1340 554 1394 vi
574 1339 757 1396 nanciscatur.
795 1339 842 1413 qui
853 1342 896 1411 s),
918 1342 1042 1414 quamtis
1064 1341 1130 1415 ipse
1152 1342 1226 1398 mala

259 1413 316 1471 fide
330 1413 454 1490 possidet
475 1413 554 1488 (quia
567 1412 710 1487 intellegit,
728 1430 758 1468 se
771 1411 891 1469 alienum
904 1411 1022 1469 fundum
1035 1417 1226 1502 occupasse),

260 1497 364 1560 tamen,
385 1487 408 1542 si
419 1487 465 1542 alii
481 1487 554 1542 bona
568 1485 624 1540 lide
640 1485 785 1560 accipienti
802 1485 956 1558 tradiderit,
975 1488 1078 1562 poterit
1093 1506 1121 1544 er
1138 1487 1226 1563 longa

218 1620 220 1624 ,
260 1560 435 1636 possessione
453 1577 498 1615 res
519 1559 633 1634 acquiri,
652 1561 717 1634 quia
736 1577 827 1634 neque
842 1559 983 1629 furtivum,
1002 1577 1096 1636 neque
1113 1562 1139 1616 ri
1158 1581 1226 1637 poss

260 1644 374 1691 sessum
392 1633 517 1708 accepit,
544 1633 647 1690 abolita
672 1643 714 1692 cst
740 1634 812 1690 enim
837 1633 1010 1708 quorundam
1037 1637 1226 1705 veterum¹¹l

260 1706 414 1778 sententia,
441 1707 672 1778 existimantium,
700 1707 784 1764 etism
809 1705 888 1764 fundi
913 1707 1001 1764 locive
1018 1707 1124 1766 lurtum
1145 1709 1226 1780 fieri„

261 1791 290 1837 et
308 1797 403 1838 eorum
414 1779 461 1854 ¹¹),
486 1781 531 1856 qui
551 1799 596 1838 res
614 1779 665 1838 soli
681 1780 842 1870 possident,
867 1781 1064 1856 principalibus
1082 1784 1226 1844 constitu-1

261 1855 381 1930 tionibus
398 1855 576 1930 prospicitur,
591 1869 627 1912 ue
644 1873 689 1912 cus
706 1855 790 1929 longa
805 1863 833 1910 et
845 1854 1001 1912 indubitata
1013 1857 1154 1931 possessio
1171 1875 1226 1913 aum

231 1925 326 1984 eleni
351 1927 462 1985 debeat.
513 1927 669 2002 Aliquando
688 1929 772 1984 etiam
793 1925 894 1983 l'urtim
913 1928 955 1984 vel
976 1929 1001 1984 vi
1023 1947 1154 2004 possenna
1177 1949 1221 1986 res

260 2001 375 2077 usucapi
392 2011 503 2076 potest3
525 2001 608 2058 veluti
626 2001 650 2057 si
666 2000 696 2058 in
714 2001 819 2056 domini
837 2011 1004 2076 potestatem
1023 2020 1134 2060 reversa
1154 2002 1226 2058 snc-¹

259 2077 304 2132 rit.
330 2087 397 2130 tuuc
422 2075 515 2146 enim,
541 2074 607 2132 vitio
630 2073 671 2130 rei
689 2085 826 2150 purgato,
851 2075 978 2151 procedit
996 2076 1055 2132 eius
1075 2078 1219 2152 usucapio.

232 2149 317 2208 oRes
343 2147 402 2204 fisci
425 2148 511 2204 nostri
538 2148 652 2221 usucapi
671 2165 727 2204 uon
746 2156 846 2222 potest.
883 2147 942 2206 Sed
960 2147 1129 2236 Papinianus
1146 2153 1215 2206 scri-

260 2223 334 2295 psit,
359 2221 439 2276 bonis
466 2221 625 2277 vacantibus
649 2218 717 2280 fisco
741 2220 864 2278 nondum
891 2223 1040 2294 nuntiatis,
1067 2223 1215 2280 bonafide

261 2305 416 2368 emptorem
434 2294 485 2350 sibi
504 2293 633 2350 traditam
652 2311 711 2350 rem
731 2311 767 2350 ex
784 2295 827 2350 his
847 2295 925 2352 bonis
945 2313 1095 2371 usucapere
1115 2315 1212 2372 posse,

261 2379 289 2424 et
310 2369 349 2423 ita
367 2366 446 2422 divus
463 2366 538 2438 Pius,
558 2377 587 2424 et
603 2365 691 2496 divi¹p
711 2365 832 2424 Severus
851 2379 879 2424 et
897 2370 1050 2428 Antoninus
1065 2371 1211 2446 rescripse-

221 2442 387 2513 surunt¹²).
426 2439 581 2498 Novissime
594 2441 669 2497 scien
691 2459 737 2496 um
756 2451 813 2512 est,
834 2459 892 2498 rem
913 2443 997 2498 talem
1017 2461 1077 2500 esse
1094 2444 1210 2516 debere,

262 2525 291 2572 ut
315 2515 343 2569 in
364 2531 395 2568 se
408 2516 469 2570 ‘nou
490 2513 594 2572 habeat
611 2515 722 2582 vitium,
748 2525 777 2570 ut
799 2531 816 2570 a
835 2515 984 2572 bonafide
1004 2527 1126 2592 emptore
1143 2537 1210 2574 usu-

261 2589 324 2664 capi
344 2589 445 2662 possit,
466 2588 508 2644 vel
527 2589 629 2664 quiex
648 2587 702 2644 alia
720 2589 791 2643 iusta
811 2605 893 2648 causa
913 2587 1098 2666 possidet¹³).

221 2697 248 2740 at
316 2683 404 2740 Error
423 2695 516 2742 autem
535 2684 622 2741 falsae
641 2701 742 2742 causae
761 2685 959 2760 usucapionem
975 2704 1029 2742 non
1049 2687 1125 2762 parit.
1151 2689 1207 2743 vel-

261 2759 314 2830 uti,
340 2758 363 2814 si
388 2759 467 2834 quis,
492 2773 555 2815 cum
575 2777 632 2816 non
653 2759 768 2828 emerit,
790 2760 889 2816 emisse
905 2777 936 2815 se
955 2761 1123 2832 existimans,
1141 2779 1205 2834 pos-

259 2832 365 2907 sideat3
390 2831 448 2904 vel,
476 2851 539 2888 cum
563 2833 589 2888 ei
613 2832 746 2889 donatum
766 2850 824 2888 non
840 2831 988 2906 fueruat),
1011 2835 1088 2909 quasi
1104 2851 1138 2891 ex
1154 2835 1202 2891 do-

259 2906 372 2962 natione
389 2905 533 2980 possideat
544 2901 599 2980 l⁴).
882 2915 884 2922 '
1122 2937 1124 2944 >

1179 1051 1226 1104 uol

262 3038 480 3054 m

319 3112 464 3166 emuncta,
483 3113 534 3170 tuq
553 3113 668 3167 nelma,
689 3114 732 3159 cu.
755 3135 782 3146 -
810 3113 891 3168 odet.
911 3116 939 3160 st.
959 3135 987 3148 ·-
1015 3113 1095 3168 ndei.
1114 3118 1154 3170 ord.
1174 3139 1200 3150 -

262 3169 287 3226 n)
300 3180 321 3212 s.
335 3167 436 3212 ursana
450 3189 479 3200 -
507 3167 524 3221 i)
537 3169 610 3213 uum.
625 3191 653 3201 -
680 3171 706 3222 n)
718 3167 799 3223 mma

291 3307 330 3360 10)
343 3310 361 3352 1.
382 3308 412 3352 de
433 3306 503 3360 obllg.
524 3319 557 3352 ex
576 3308 622 3353 del.
642 3309 683 3364 IV,
701 3311 722 3354 i.
756 3307 931 3363 1.32.s.t.—
960 3307 1041 3360 aun.
1055 3309 1189 3362 n.1.tt.;p

261 3363 286 3420 s.
298 3365 319 3408 7.
334 3385 363 3398 ·—
393 3366 431 3417 11)
448 3365 507 3408 oen.
521 3365 563 3417 xl,
579 3365 616 3418 18,
633 3367 670 3408 12.
687 3367 723 3409 ta.
757 3364 937 3419 emptorem,
953 3362 975 3408 4.
991 3366 1007 3409 l.
1024 3365 1072 3420 11.;
1086 3375 1104 3418 n.
1118 3366 1197 3409 dorsum

260 3443 290 3454 ·-
310 3420 349 3472 12)
362 3421 391 3465 u.
410 3422 434 3466 n.
455 3423 472 3464 1.
490 3421 525 3464 te.
546 3420 583 3464 st.
605 3421 628 3476 s.
645 3421 666 3464 l.
695 3421 720 3466 c.
755 3419 1193 3475 xn1,6,1.t.pr.;paersuuoxu,

261 3475 525 3531 mdeiuredsoix,
543 3476 639 3520 l.1.1o.
663 3477 689 3521 ι’.
704 3479 721 3520 1.
757 3477 779 3521 t.
794 3478 810 3520 1.
824 3477 898 3530 dan,
913 3477 994 3530 lugeto
1007 3477 1065 3530 xm,
1078 3477 1097 3520 8.
1109 3478 1194 3528 latu

261 3543 343 3576 comm
364 3533 394 3576 de
414 3531 632 3587 rosconmon.
654 3533 670 3576 1.
686 3533 722 3586 27,
756 3544 780 3586 p.
795 3543 838 3576 suo
852 3531 912 3588 XLI,
930 3531 966 3576 10.
984 3533 1000 3575 l.
1015 3533 1037 3576 s.
1069 3564 1074 3576 .

260 3599 292 3632 ne
313 3588 349 3632 rel
369 3589 430 3633 dom.
445 3588 502 3644 vu,
524 3589 578 3640 ³⁸&
600 3585 722 3630 defundis
756 3597 853 3640 usucap.
875 3599 898 3640 p.
912 3587 967 3632 don'
979 3589 1031 3644 Vll,
1047 3587 1080 3632 st.
1096 3589 1110 3632 l.
1122 3591 1141 3633 3.

261 3643 297 3688 rei
317 3645 377 3688 dom.
393 3645 439 3696 xl,
454 3643 493 3688 ott.
514 3643 530 3686 l.
545 3643 567 3686 2.
582 3665 611 3675 —
631 3646 723 3686 seneen
756 3645 843 3687 herede
858 3643 910 3694 vu.
926 3643 963 3686 aa.
978 3645 994 3687 l.
1010 3645 1033 3687 ³.
1047 3643 1080 3698 l.s;
1092 3645 1142 3698 dep

261 3711 299 3753 cp.
315 3700 419 3756 LXXIX,
435 3700 457 3744 6.
475 3717 503 3730 -
536 3700 571 3750 13)
586 3699 721 3748 Coimus.
756 3710 801 3743 scr.
817 3699 985 3758 1.temp.vlt,
1001 3699 1039 3744 8³.
1053 3702 1067 3743 l.
1079 3702 1098 3745 t.

260 3757 291 3800 u.
311 3757 334 3799 h.
355 3756 461 3807 1.t.pr.
483 3753 535 3798 ιθ.
551 3755 587 3798 tl.
602 3765 637 3807 pr.
661 3757 685 3808 s.
703 3759 722 3798 t.
988 3803 989 3806 Ἴ

1052 3532 1106 3586 Sl.
1131 3535 1226 3578 ute,

1147 3601 1153 3644 i
1173 3603 1191 3641 n.

1143 3655 1191 3688 tae·
