2536 4334
240 327 280 392 16
321 329 471 388 lusrrrur.
498 328 571 400 Qut,
588 343 672 394 oure.
690 345 735 388 nx
749 343 852 398 esus„
870 343 939 386 nro.
957 327 981 398 1,
995 332 1024 384 6.
1045 325 1077 410 5.
1092 333 1195 383 5-7.

239 477 314 554 apud
343 477 504 546 eonsilium,
536 475 607 532 iusta
640 479 763 550 causa⁶l
795 476 1017 532 manumissionis
1043 475 1201 550 adprobata

206 551 366 623 afuerim).
416 617 420 620 ,
443 551 535 606 lustae
562 561 656 607 autern
682 550 904 606 manumissionis
923 568 1025 606 causae
1045 559 1128 608 siunt:
1158 569 1202 604 re-

239 627 287 681 luti
308 625 329 681 si
351 625 412 700 quis
434 637 558 699 patrem,
587 634 635 680 aut
657 634 790 695 matrem,
817 635 864 679 aut
884 623 969 679 filium
991 623 1131 694 filiamve,
1160 633 1203 678 aut

237 700 352 756 fratrem
372 717 531 754 sororernve
549 699 708 770 naturales,
737 712 785 754 aut
808 697 1024 772 paedagogum,
1044 709 1093 752 aut
1115 698 1204 751 nutri-

237 793 298 830 eetn
324 773 556 842 educatoremve,
583 783 632 827 aut
658 773 798 828 alumnum
825 772 1018 840 alumnamre,
1045 783 1095 827 aut
1118 771 1206 826 colla-

237 859 367 904 ctaneum
396 846 593 916 manumittat,
627 857 675 902 aut
700 866 826 916 serrum,
862 847 1050 921 procuratoris
1079 845 1206 900 habendi

237 921 350 996 gratia,
377 929 425 975 aut
449 920 591 990 ancillam,
618 920 784 976 matrimonii
804 938 903 989 causa,
930 923 995 975 dum
1017 930 1111 976 tamen
1135 919 1207 972 iutra

237 1012 288 1049 sex
312 1012 422 1050 meuses
449 1012 519 1048 uxor
545 993 678 1065 ducatur,
710 995 760 1050 nisi
787 995 859 1050 iusta
886 1012 969 1050 eausa
988 994 1152 1069 impediat,
1182 1008 1208 1047 et

238 1067 286 1143 qui
318 1068 519 1123 manumittitur
570 1069 737 1124 roeuratoris
768 1067 891 1124 lralreutli
924 1069 1013 1141 gratia
1046 1085 1082 1124 ue
1113 1069 1208 1122 mmor·
1259 1073 1261 1148 l

204 1146 346 1216 &septem
374 1151 402 1196 et
427 1086 567 1216 decemdl
590 1143 668 1197 anuis
695 1143 952 1212 manumittatur⁷).
1026 1141 1121 1198 Semel
1157 1159 1208 1196 au·
1260 1179 1261 1230 t

238 1225 294 1271 tem
319 1234 401 1270 causa
428 1215 602 1292 adprobata,
625 1216 681 1271 sive
702 1234 767 1272 vera
787 1218 843 1272 sire
863 1216 933 1272 salsa
953 1217 1005 1288 sit,
1032 1234 1090 1270 non
1114 1225 1208 1272 retra-

239 1290 375 1360 ctatur⁸).
1260 1285 1261 1350 J

207 1366 226 1408 Ἰ
297 1361 368 1419 Cum
389 1379 457 1436 ergo
478 1371 568 1418 certus
586 1361 685 1418 modus
705 1361 917 1419 manumittendi
936 1363 1090 1418 minoribus
1110 1363 1205 1438 vigina
1260 1393 1261 1424 i

239 1437 319 1492 annis
347 1436 466 1492 dominis
493 1454 544 1508 per
569 1435 659 1508 legem
680 1436 785 1492 Aeliam
806 1437 931 1493 Sentiarn
958 1437 1126 1492 constitutus
1157 1436 1204 1504 sit,

240 1511 404 1580 eveniebat,
432 1519 478 1581 ut,
507 1508 553 1584 qui
580 1509 790 1585 quatuordecim
810 1528 899 1566 annos
919 1511 1018 1566 aetatis
1039 1511 1203 1585 expleverit,
1259 1511 1260 1524 ¹

240 1583 303 1639 licet
322 1593 517 1638 testamentum
538 1582 632 1639 faeere
653 1585 753 1656 possit,
783 1593 811 1639 et
830 1585 857 1640 iu
878 1603 913 1638 en
933 1584 1066 1640 heredem
1087 1585 1140 1639 sibi
1163 1583 1204 1636 in-

235 1656 354 1712 stituere
382 1655 530 1730 legataque
550 1657 706 1732 relinquere
728 1658 830 1731 possit,
859 1667 969 1728 tannen,
996 1658 1018 1712 si
1039 1657 1134 1714 adlrue
1155 1659 1204 1712 rui-

240 1746 294 1784 nor
312 1731 347 1784 sit
365 1730 444 1784 anuis
464 1730 575 1803 viginti,
604 1731 759 1786 libertatern
779 1749 859 1787 servo
880 1731 948 1785 dare
968 1750 1023 1786 nou
1046 1733 1202 1806 poterat‘).

242 1803 354 1879 ⁹)quotl
373 1822 427 1858 nou
449 1815 509 1858 erat
528 1803 675 1860 ferendum
687 1845 696 1871 ,
717 1805 740 1859 si
760 1804 783 1859 is
792 1809 830 1876 ί),
859 1805 901 1859 cui
923 1814 1043 1859 tutorum
1067 1806 1202 1860 bonorum

239 1877 268 1934 iu
296 1888 461 1933 testamento
488 1877 632 1950 dispositio
660 1879 726 1932 data
754 1888 832 1944 erat,
868 1878 913 1932 itui
940 1897 1019 1933 servo
1046 1879 1203 1934 libertatern

240 1953 309 2008 date
329 1970 383 2007 nou
400 1951 624 2078 permittebatur,
644 1969 730 2026 quare
750 1947 843 2026 nont)
864 1951 988 2007 similiter
1007 1952 1043 2019 ei,
1066 1950 1205 2026 quemad-

238 2025 353 2081 modum
381 2026 449 2080 aias
477 2043 536 2096 res,
564 2026 603 2080 ita
629 2037 657 2080 et
686 2044 779 2080 servos
806 2043 870 2080 suos
891 2025 919 2079 in
947 2025 1043 2080 ultima
1063 2025 1206 2081 voluntate

237 2099 406 2172 disponere,
430 2097 667 2173 quemadmodum
688 2098 820 2168 voluerit,
849 2099 1054 2172 permittimus,
1076 2109 1155 2155 utet
1175 2099 1206 2152 ti-

238 2173 377 2227 bertatem
397 2171 436 2225 eis
457 2173 543 2245 possit
563 2169 729 2247 praestare?
755 2172 803 2228 sed
827 2192 887 2228 cum
908 2171 1022 2228 libertas
1041 2173 1202 2228 inaestima-

240 2245 301 2300 bilis
315 2248 356 2314 ¹⁰)
376 2254 428 2316 est,
448 2257 476 2300 et
496 2257 611 2322 propter
630 2246 684 2301 lroc
704 2256 769 2302 aute
787 2246 963 2301 vicensimum
983 2248 1082 2302 aetatis
1099 2265 1205 2302 annum
1259 2271 1260 2274 ¹

239 2319 391 2393 antiquitas
411 2319 565 2374 libertatern
584 2335 664 2375 servo
684 2319 752 2375 dare
778 2321 961 2393 prohibebat:
988 2321 1053 2376 ideo
1074 2339 1126 2375 nos
1147 2339 1207 2374 rne-

240 2391 316 2446 diam
343 2391 551 2466 quodammodo
576 2395 648 2449 viam
677 2394 827 2466 eligentes,
855 2411 911 2448 non
934 2393 1014 2448 aliter
1040 2394 1144 2449 minori
1168 2394 1207 2444 ri-

262 2465 310 2520 iuti
330 2466 409 2520 annis
429 2466 584 2522 libertatem
605 2469 632 2522 iu
653 2476 819 2522 testamento
840 2465 909 2522 dare
932 2485 1012 2522 servo
1033 2487 1083 2522 suo
1102 2486 1207 2522 eonce-

237 2484 349 2610 ditans,
375 2538 425 2594 nisi
451 2541 597 2614 septimum
624 2550 652 2596 et
682 2541 819 2596 decimum
846 2559 949 2595 anuum
977 2541 1154 2614 impleverit,
1182 2551 1208 2595 et

240 2623 368 2668 octavum
389 2612 527 2669 decimum
549 2615 679 2688 tetigerit.
701 2633 762 2670 cum
782 2614 856 2668 euim
878 2615 1027 2688 antiquitas
1047 2615 1207 2670 huiusmodi

240 2686 326 2742 aetati
352 2697 380 2742 et
403 2704 453 2760 pro
479 2688 537 2742 aliis
562 2688 704 2763 postulare
725 2688 875 2755 concessit,
904 2706 953 2742 cur
975 2705 1028 2742 uon
1055 2689 1141 2743 etiem
1167 2687 1206 2742 sui

239 2760 333 2816 iudicii
357 2759 491 2816 stabilitas
511 2762 549 2816 ita
569 2781 618 2818 eos
637 2761 769 2817 adiuvare
792 2761 937 2828 credatur,
964 2773 992 2815 ut
1013 2771 1041 2816 et
1061 2761 1097 2816 ad
1117 2761 1208 2816 liber·

240 2845 312 2891 tutes
331 2834 439 2890 dandas
458 2835 543 2891 servis
561 2837 617 2892 suis
635 2836 741 2911 possint
760 2833 953 2909 proveniret).

239 2952 458 2966 Μ

294 3015 319 3060 o)
334 3012 352 3066 f,
368 3013 517 3065 srrorrumr'sst,
530 3010 549 3064 f.
564 3013 601 3054 uel
616 3019 688 3064 otuu,
702 3009 722 3062 f.
737 3010 898 3064 tumultuatim
913 3007 1008 3060 fuerint.
1025 3029 1053 3038 -
1082 3007 1105 3058 ἀ)
1119 3008 1207 3050 Xt'ttl.

221 3117 226 3122 ,
242 3091 270 3100 -
285 3071 307 3119 e)
320 3072 405 3120 posset.
425 3089 453 3100 -
481 3067 500 3118 f)
515 3071 536 3111 st
550 3069 610 3111 entra
624 3067 659 3124 ts,
682 3077 741 3110 uuas.
762 3088 790 3097 —
819 3069 843 3118 g)
859 3075 896 3118 qu.
911 3074 955 3106 uos
968 3073 1028 3120 nun,
1052 3073 1088 3116 qu.
1103 3071 1156 3105 nos.
1182 3085 1208 3094 -

242 3127 266 3175 tr)
279 3125 410 3177 peruenire.

270 3248 420 3298 t'rllmrretus
440 3247 703 3298 praesummant,
740 3267 769 3278 —
797 3243 835 3296 tu>
857 3242 983 3296 Euripides
1009 3239 1107 3285 stnhssi
1131 3249 1207 3284 serm.

240 3303 346 3356 taa-
378 3303 508 3353 7)1).XL.
524 3304 545 3346 2.
561 3303 704 3346 1.1r‚..t³.
739 3301 834 3345 XLVII.
849 3301 944 3343 Terent.
959 3298 1035 3342 Andr.
1047 3301 1066 3352 Ι,
1080 3299 1100 3347 l,
1117 3296 1154 3340 lt.
1180 3299 1207 3340 tt.

243 3358 604 3412 -8)1).ΧΙ,,2.Ι.9.3.1.
634 3357 705 3402 0.ἀο
740 3358 770 3401 de
792 3365 841 3407 ree.
862 3355 906 3398 tur.
927 3356 960 3410 1,,
985 3354 1020 3397 ta.
1043 3355 1058 3396 1.
1077 3353 1127 3398 106.
1153 3353 1207 3396 176.

241 3417 346 3461 stitutus
362 3417 414 3466 Vll.
433 3418 453 3460 t.
467 3417 483 3459 l.
502 3417 535 3468 l.;
551 3413 571 3457 sl
587 3415 705 3457 adversus
740 3416 764 3468 s.
775 3416 810 3468 t.;
825 3413 855 3456 de
869 3412 915 3465 lus,
931 3411 970 3464 qui
986 3410 1056 3452 edud.
1066 3409 1107 3466 lx,
1120 3412 1141 3452 a.
1160 3410 1177 3450 1.
1192 3408 1207 3450 t.

237 3473 319 3516 libert.
335 3475 370 3522 ΙΙ,
387 3475 425 3516 at.
448 3474 463 3515 l.
479 3472 538 3515 Η.
559 3491 587 3504 -
614 3470 639 3519 9)
656 3471 705 3512 Νο-
740 3471 764 3512 lu
779 3467 794 3512 l.

243 3541 298 3572 suut
311 3530 348 3572 tus
360 3533 406 3572 troo
418 3529 530 3582 iosoloco
538 3527 702 3570 lntroduetum.
829 3531 832 3536 ·
