2548 4342
101 313 252 372 lnsrrrur.
277 309 325 370 lle
337 329 501 370 rorunnnr
510 327 680 371 sunsrrror.
691 313 732 383 ll,
744 319 794 371 to.
806 312 856 371 Pr.
869 311 934 394 §.b
943 317 972 371 2.
1017 311 1058 376 81

102 459 227 514 mittitur.
267 459 313 514 illa
332 461 405 516 enim
427 460 526 532 rerba,
545 459 733 518 attererem
751 462 816 528 etii,
835 460 863 515 iu
882 477 916 515 eo
937 459 1060 534 quidem,

99 551 185 607 quem
203 532 296 590 alieno
316 534 368 588 iuri
389 533 540 590 subiectum
561 552 620 588 esse
640 543 755 588 testator
775 534 840 601 seit,
859 533 898 589 sic
917 533 1058 607 accipiun-

100 617 161 663 tur:
187 608 212 663 si
235 624 316 683 neque
339 609 396 680 ipse
410 606 484 663 beros
502 609 565 678 erit,
593 625 675 682 neqste
693 605 775 664 olium
790 605 910 663 lwredesu
928 603 1058 678 efferrem

98 680 129 734 in
151 698 186 736 eu
208 697 288 752 vero,
317 699 399 754 quern
420 681 647 755 patremfamilias
665 698 726 736 esse
746 681 910 750 arbitratur,
935 679 1001 734 illud
1020 682 1058 734 si-

98 753 251 826 gnificant:
270 756 296 810 si
313 752 483 810 lteredilalem
503 753 569 822 sibi,
588 759 658 822 siue,
676 757 749 810 otius
760 756 814 810 iuri
828 759 918 828 posteo
932 753 1062 808 subiectus

96 844 157 882 esse
183 830 312 902 coeperit,
335 845 388 883 non
412 829 583 902 acquisierit.
609 827 693 901 idque
712 827 842 884 Tiberius
853 826 879 900 b)
907 826 1013 882 Caesar
1031 827 1058 881 in

102 917 224 974 persona
242 899 384 957 Parthenii
404 902 474 956 servi
493 902 534 955 sni
554 901 694 958 constituit
706 903 742 972 ⁶).

272 1070 464 1122 rtruuos
491 1071 686 1123 nacturus
710 1070 890 1123 snxrus.

147 1171 250 1252 1)[)Ε
282 1169 557 1234 PUPILLARI
591 1167 1016 1235 SUBSTITUI'IONE.

156 1294 265 1351 Liberis
284 1295 339 1350 suis
358 1295 562 1369 impuberibus,
585 1313 654 1368 quos
676 1295 704 1349 iu
725 1302 863 1370 potestate
882 1293 942 1369 quis
961 1293 1100 1362 habetes

97 1387 156 1424 non
184 1369 272 1425 solum
300 1369 355 1436 ita,
380 1380 409 1422 ut
436 1385 520 1442 supro
548 1367 683 1439 diximus,
709 1368 873 1424 substituere
897 1375 1003 1442 potest,
1029 1365 1057 1421 id

98 1453 160 1510 est,
186 1453 231 1515 ut,
257 1442 279 1497 si
306 1441 423 1498 beredes
450 1443 475 1497 ei
502 1459 557 1496 non
584 1442 742 1514 extiterint,
770 1441 838 1497 alius
864 1441 890 1496 ei
908 1441 942 1496 sit
960 1440 1056 1514 lieres,

97 1516 149 1571 sed
177 1534 212 1572 eo
232 1515 365 1590 amplius,
392 1525 486 1582 utet,
513 1515 535 1570 si
554 1515 672 1570 heredes
691 1516 716 1571 ei
736 1516 894 1588 extiterint,
921 1525 950 1570 et
967 1513 1058 1570 adhuc

100 1591 262 1676 impuberes
281 1589 381 1643 mortui
402 1587 518 1654 luerint,
539 1589 573 1642 sit
591 1590 631 1643 eis
642 1585 667 1663 ⁸)
688 1589 787 1663 aliquis
805 1589 894 1644 lieres.
933 1587 1015 1643 veluti
1035 1586 1057 1642 si

121 1683 162 1718 urs
181 1662 254 1718 dicat
273 1662 327 1717 boc
348 1662 449 1718 modo:
482 1663 570 1718 'lilitss
586 1661 658 1734 filins
676 1680 750 1718 mnu
769 1661 833 1719 milti
851 1660 1014 1732 beres'eslo3
1034 1663 1059 1717 si

97 1682 171 1809 dlius
187 1754 261 1793 meus
280 1734 345 1791 mtto
363 1734 437 1791 lieres
455 1752 509 1790 non
528 1736 597 1804 erit,
618 1737 672 1790 siue
687 1734 761 1791 iteres
780 1737 845 1802 erit,
867 1741 892 1791 el
907 1737 982 1808 priris
999 1751 1059 1789 mo-

97 1814 201 1883 rione,
227 1827 306 1884 qttom
333 1811 361 1865 in
386 1826 464 1864 sirum
489 1806 716 1864 tantummono
742 1808 782 1872 (id
802 1819 844 1864 est
863 1809 950 1881 pubes
968 1807 1058 1862 sactus

97 1885 134 1939 sit
144 1883 207 1954 b)),
230 1889 292 1938 tnnc
312 1883 390 1938 Seius
407 1881 482 1938 bores
501 1887 563 1936 mlo.
600 1899 656 1955 quo
676 1899 758 1950 casu,
776 1881 912 1956 siquidem
930 1899 987 1936 non
1006 1897 1058 1936 ex-

98 1958 185 2012 titerit
204 1956 286 2011 lieres
304 1955 390 2023 filius,
417 1965 482 2010 tunc
501 1954 662 2010 substitutus
681 1955 753 2030 patri
772 1954 803 2010 lit
822 1954 920 2025 heres3
947 1954 970 2008 si
991 1971 1056 2008 vero

97 2029 224 2086 extiterit
245 2028 327 2084 heres
353 2028 439 2098 filius,
466 2037 494 2084 et
521 2037 585 2083 ante
610 2029 785 2100 pubertatem
813 2026 978 2098 decesserit,
1004 2026 1056 2100 ipsi

97 2103 156 2159 filio
183 2101 215 2158 fit
239 2101 322 2158 ireres
348 2102 517 2157 substitutus.
556 2099 630 2156 Nam
655 2098 811 2177 moribust)
831 2101 983 2157 institutum
1005 2108 1056 2173 est,

98 2186 146 2247 ut,
177 2195 239 2232 cum
264 2176 322 2231 eius
349 2176 448 2230 aetatis
473 2183 552 2245 sunt,
579 2175 607 2230 in
632 2193 687 2250 qua
714 2177 765 2251 ipsi
786 2176 837 2231 sibi
860 2182 1055 2231 testamentum

96 2251 193 2306 lacere
219 2267 276 2304 non
302 2259 432 2324 possunt,
458 2259 588 2322 parentes
608 2249 648 2304 eis
670 2249 774 2305 saciant
783 2252 819 2321 ²).
864 2249 928 2316 Qus
948 2248 1083 2310 rationes

98 2324 229 2392 excitati,
255 2323 340 2392 ,etiam
369 2322 590 2378 constitutionem
611 2323 638 2377 in
664 2334 759 2378 nostro
784 2323 925 2398 posuimus
950 2321 1057 2390 codice,

96 2416 156 2473 qua
175 2405 352 2472 prospectum
370 2406 430 2465 est,
453 2406 496 2468 ut,
516 2397 538 2451 si
556 2407 649 2452 mente
665 2407 761 2472 captos
775 2398 897 2453 habeant
908 2395 995 2464 lilios,
1013 2395 1055 2451 rel

97 2481 233 2544 nepotes,
262 2470 304 2525 rel
330 2479 517 2556 pronepotes,
545 2471 740 2545 cuiuscumque
760 2489 857 2542 sexus,
882 2471 924 2526 vel
943 2468 1054 2544 gradus,

97 2545 181 2600 liceat
206 2545 261 2615 eis,
290 2553 340 2597 etsr
361 2543 479 2616 puberes
498 2545 568 2611 sint,
592 2543 628 2598 ad
652 2545 810 2619 exemplum
827 2544 970 2618 pupillaris
988 2543 1056 2598 sub-

97 2618 264 2684 stitutionis,
284 2627 373 2672 certas
391 2633 524 2690 personas
542 2617 717 2673 substituere.
755 2619 795 2672 sin
816 2627 909 2674 autern
929 2617 1056 2692 resipue-

96 2692 170 2759 rint,
190 2691 308 2746 eandem
328 2690 548 2746 substitutionem
562 2691 714 2763 infirmari,
736 2701 763 2746 et
778 2691 831 2746 boc
846 2690 880 2745 ad
896 2708 976 2746 exem
999 2689 1054 2745 lum

97 2763 244 2840 pupillaris
263 2763 478 2833 substitutionis,
500 2781 590 2839 quae,
614 2774 760 2839 postquam
783 2764 902 2839 pupillus
922 2708 1055 2818 adoleve-
1085 2803 1088 2810 -

95 2839 151 2906 rit,
176 2835 377 2909 infirmatur⁵).
423 2836 510 2909 lgitur
533 2837 560 2892 in
580 2838 708 2911 pupillari
728 2837 933 2907 substitutione,
954 2853 1084 2897 secunsz

98 2912 164 2968 dum
193 2909 350 2986 praelatum
376 2908 489 2964 modum
515 2910 658 2983 ordinata,
685 2910 741 2966 duo
766 2907 973 2986 quodammodo
992 2919 1056 2964 sunt

98 2992 287 3054 testamenta,
308 2983 426 3038 alterum
445 2984 545 3058 patris,
565 2984 681 3039 alterum
699 2983 767 3056 filii,
794 2993 934 3058 tamquam
953 2983 976 3039 si
994 2983 1055 3058 ipse

96 3058 168 3114 filins
196 3057 248 3113 sibi
272 3055 404 3112 beredem
429 3057 606 3127 instituisset3
632 3068 680 3112 aut
703 3069 778 3114 certe
799 3075 883 3114 unum
908 3065 950 3113 est
969 3065 1056 3113 testa·

97 3140 222 3188 mentum
247 3130 364 3185 duarum
391 3147 551 3203 causarum,
576 3131 604 3186 id
624 3141 666 3186 est
686 3131 802 3188 duarum
822 3126 1055 3206 hereditatum⁴).

98 3253 152 3259 ...u-
159 3251 314 3258 --.--.-.-..

153 3307 178 3357 b)
196 3305 276 3360 Titus,
291 3306 435 3359 Antoninus,
449 3305 514 3348 Pius.

153 3364 178 3414 a)
194 3363 222 3406 ei.
237 3383 265 3392 -
294 3361 318 3413 b)
334 3359 379 3404 del.
394 3362 419 3402 ta
432 3361 537 3404 est..stt.
553 3385 579 3394 -
609 3365 630 3414 c)
644 3373 659 3405 u
673 3364 805 3406 nlaioribus.

124 3487 150 3538 6)
165 3486 195 3529 I).
216 3485 245 3528 do
265 3484 347 3528 hored.
367 3482 439 3528 tnsrtt
453 3484 559 3540 XXVIII,
594 3487 624 3541 II,
640 3484 690 3540 ln,
706 3486 771 3539 bns.
790 3487 818 3528 I).
835 3486 865 3529 de
879 3484 945 3536 vult.
960 3486 984 3528 et
998 3495 1052 3537 pun.

95 3539 508 3594 5.1.to.lt.c.eot.v1,st.1.o.
594 3541 667 3584 subm.
688 3541 799 3594 xxvm,
814 3541 837 3585 6.
866 3540 892 3584 c.
914 3539 945 3583 de
965 3539 1053 3592 imputo.

127 3597 213 3649 llclo.
236 3596 456 3650 doorat.11,32.;
478 3594 560 3638 dein·
594 3596 868 3649 eisnsunstvnse.
889 3615 918 3628 -
946 3596 1053 3648 libb.

95 3653 267 3707 sentinet.
296 3653 379 3696 llorst
398 3661 469 3694 semu.
488 3653 557 3705 Ibo,
592 3654 608 3696 I.
626 3655 645 3696 t.
668 3654 693 3707 S.
710 3655 730 3696 1.
751 3654 768 3697 1.
783 3653 805 3696 2.
826 3664 861 3706 pr.
882 3672 911 3684 —
939 3652 1007 3701 arn.
1029 3655 1052 3695 b.

96 3710 186 3764 mss.
216 3705 486 3763 cst11,tte...tat.
515 3708 559 3750 Ul·
592 3710 608 3752 1.
622 3708 660 3752 ts.
674 3719 709 3760 pr.
739 3707 917 3752 c.n.19.-
945 3706 1052 3760 Ilien.

93 3765 161 3818 plen,
182 3765 274 3822 xxm,
296 3762 378 3808 7...9.
407 3763 476 3808 Paul.
498 3766 558 3806 sent.
592 3766 608 3808 1.
623 3765 645 3807 8.
660 3765 684 3819 S.
698 3764 720 3808 4.
734 3765 751 3808 l.
768 3765 803 3811 ¹6.
819 3763 841 3820 §1
860 3766 881 3809 1.
897 3767 913 3809 I.
929 3763 966 3809 ²⁰.
