2530 4332
81 460 107 511 l.
162 457 204 508 ΒΘ
220 458 321 510 iustitia
338 465 365 512 et
381 459 447 512 inre.

159 524 203 575 De
218 525 276 576 iure
292 527 405 578 naturali
422 533 450 579 et
466 528 584 596 gentium
602 534 630 580 et
646 529 725 584 dviii.

159 590 203 642 De
221 591 279 644 iure
296 608 476 660 personarum.

158 657 202 708 ΒΘ
219 657 348 724 ingenuis.

157 723 202 775 ΒΘ·
219 725 358 778 libertinis.

159 791 229 855 Qui,
249 792 343 859 quibus
359 809 394 845 ex
413 793 514 859 causis,
531 795 717 850 manumittere
735 811 787 848 uon
807 803 927 865 morunt.

158 856 202 909 ΒΘ
217 861 277 924 lege
294 859 377 912 Furia
395 858 508 913 Carrinia
524 861 634 914 sublata

157 923 202 975 De
218 923 275 990 his,
295 926 339 992 qui
358 927 399 978 sui
416 929 458 979 vel
475 928 555 980 alieni
570 928 636 980 iuris
656 935 725 982 sunt.

157 989 202 1041 ΒΘ
219 992 305 1059 patria
321 999 460 1060 potestate.

159 1056 202 1109 De
218 1059 324 1126 nuptiis.

159 1122 202 1175 ΒΘ
220 1125 412 1192 adoptionibus.

159 1189 262 1244 Quibus
279 1193 363 1244 modis
380 1194 421 1246 ius
438 1193 576 1261 potestatis
593 1194 710 1248 solvitur.

157 1255 203 1308 ΒΘ
220 1259 316 1310 tutelis.

160 1322 215 1376 Qui
231 1323 288 1377 dari
305 1332 405 1378 tutores
424 1333 582 1380 testamento
601 1334 720 1395 possunt.

158 1389 203 1441 De
219 1391 337 1456 legitima
354 1399 509 1459 agnatorum
528 1397 620 1447 tutela.

158 1455 203 1508 De
219 1457 311 1526 capitis
328 1461 482 1512 minutione.

158 1522 203 1575 ΒΘ
221 1524 339 1589 legitima
356 1533 525 1594 patronorum
543 1530 633 1580 tutela.

158 1589 203 1641 De
219 1591 244 1642 le
265 1591 337 1644 'tima
353 1599 493 1660 parentum
510 1596 600 1646 tutela.

158 1655 203 1708 ΒΘ
219 1607 354 1710 iidgriciaria
372 1662 461 1711 tutela.

158 1722 203 1774 ΒΘ
215 1723 329 1777 Atiliano
343 1730 438 1790 tutore,
455 1732 483 1777 et
494 1743 536 1790 eo,
554 1726 600 1794 qui
614 1729 719 1792 exlege
732 1728 798 1780 Iulia
811 1734 839 1782 et
851 1731 922 1784 Titia
936 1731 1060 1786 dabatur.

158 1789 203 1841 ΒΘ
219 1792 376 1844 auctoritate
392 1798 517 1845 tutorum.

160 1856 263 1909 Quibus
280 1858 365 1910 modis
381 1862 463 1911 tutela
479 1859 578 1912 finitur.

157 1923 203 1974 ΒΘ
222 1925 392 1980 curatoribus.

157 1989 203 2040 ΒΘ
219 1990 390 2044 satisdatione
408 1998 522 2045 tutorum
540 1995 583 2045 vel
599 2001 756 2049 curatorum.

158 2056 203 2107 ΒΘ
219 2059 432 2111 excusationibus
450 2065 568 2112 tutorum
584 2062 627 2112 rel
643 2067 801 2116 curatorum.

159 2122 203 2174 ΒΘ
222 2125 350 2192 suspectis
368 2126 497 2178 tutoribus
515 2129 557 2178 vel
573 2129 747 2185 curatoribus.

82 2193 122 2244 11.
159 2189 203 2240 ΒΘ
221 2205 310 2242 rerum
328 2191 464 2244 divisione.

159 2256 203 2307 ΒΘ
219 2258 299 2309 rebus
313 2257 529 2327 incorporalibus.

159 2322 203 2374 ΒΘ
219 2324 395 2377 servitutibus.

158 2391 203 2441 ΒΘ
220 2390 363 2443 usufructu.

158 2457 203 2508 ΒΘ
220 2473 269 2509 usu
287 2464 315 2509 et
331 2458 500 2511 habitatione.

158 2524 203 2574 ΒΘ
219 2525 423 2593 usucapionibus
441 2532 469 2578 et
483 2527 557 2592 longi
573 2528 699 2596 temporis
715 2528 974 2597 praescriptionibus.

158 2591 203 2641 De
220 2589 413 2645 donationibus.

160 2657 263 2711 Quibus
281 2658 396 2710 alienare
411 2659 488 2722 licet,
508 2662 551 2711 vel
568 2676 628 2712 non.

158 2724 214 2775 Per
229 2740 294 2791 quas
310 2741 436 2792 personas
452 2726 529 2778 nobis
547 2728 697 2794 acquiritur.

158 2791 202 2842 ΒΘ
221 2792 384 2843 testamentis
402 2792 562 2844 ordinandis.

158 2858 203 2909 ΒΘ
219 2858 326 2910 militari
342 2863 507 2912 testamento.

159 2924 262 2978 Quibus
279 2940 333 2976 nou
350 2931 390 2976 est
407 2927 578 2994 permissum,
596 2933 752 2980 testamenta
769 2927 867 2982 sacam.

158 2991 203 3042 ΒΘ
219 2990 423 3044 exheredatione
440 2993 590 3045 liberorum.

159 3058 203 3110 ΒΘ
220 3057 360 3110 heredibus
379 3059 553 3112 instituendis.

159 3125 203 3177 De
218 3125 320 3190 uulgari
337 3126 531 3178 substitutione.

158 3192 202 3243 ΒΘ
219 3191 341 3260 pupillari
358 3192 551 3245 substitutione.

160 3259 263 3313 Quibus
280 3258 365 3310 modis
383 3264 540 3311 testamenta
557 3259 731 3313 infirmantur.

159 3326 202 3376 De
218 3323 364 3377 inofficioso
382 3330 547 3378 testamento.

157 3392 202 3443 ΒΘ
219 3391 346 3443 heredum
363 3393 488 3460 qualitate
505 3399 532 3445 et
548 3393 704 3448 differentia.

157 3458 202 3509 ΒΘ
217 3458 320 3524 legatis.

158 3525 202 3576 ΒΘ
217 3525 293 3577 mem
313 3526 384 3577 tione
399 3528 555 3592 legatorum.

158 3593 203 3644 ΒΘ
220 3594 280 3658 lege
322 3592 424 3645 alcidia.

158 3660 202 3712 ΒΘ
219 3659 468 3712 fideicommissariis
486 3658 683 3714 hereditatibus.

157 3727 202 3780 ΒΘ
218 3726 327 3791 singulis
345 3729 423 3779 rebus
440 3742 489 3795 per
504 3726 736 3780 fideicommissum
754 3726 864 3782 relictis.

158 3794 202 3846 ΒΘ
219 3793 353 3847 codicillis.
832 3861 856 3915 Δ
872 3864 892 3918 2
