2536 4334
65 321 227 384 lnarrrtnr.
261 320 308 380 Dr
324 335 437 380 unum
449 337 611 380 nrvrsronn
628 320 669 391 ii,
690 326 717 378 1.
743 319 773 401 5.
792 326 828 380 11
840 326 936 380 -ra
989 320 1033 386 53

86 481 154 526 uam
169 469 344 526 volontatem
358 467 474 541 domini,
492 468 607 524 volentia
626 486 684 524 rem
704 485 782 524 onam
796 467 824 524 in
840 467 923 528 alium
940 478 1032 526 tranr-
1072 501 1074 511 ι

65 488 161 614 ferre,
182 552 277 600 ratam
297 540 458 617 naneae).
497 541 534 598 Et
555 541 637 612 ideo,
655 541 853 616 cuiuscumque
869 543 979 616 generis
997 543 1032 598 rit

65 615 227 692 corporalia
247 633 308 689 rer,
328 615 402 672 tradi
417 625 524 690 puteat,
550 627 579 672 et
597 633 614 671 a
632 615 747 672 domino
765 615 868 672 tradita
886 616 1031 674 alienator.

67 692 166 765 itaque
198 688 384 764 otipendiaria
417 707 529 765 quoqne
557 699 586 746 et
617 688 762 746 tributaria
789 687 904 762 praedia
930 688 1031 746 eodem

68 763 155 820 modo
176 762 348 820 alienantur.
377 772 510 820 vocantur
530 775 623 818 autem
642 762 822 836 stipendiaria
838 772 867 819 et
886 762 1032 820 tributaria

88 835 207 910 media,
235 836 361 911 quaein
386 836 533 912 provinciis
557 846 642 906 runt,
671 837 744 892 inter
769 851 842 911 quae
859 852 912 892 nee
928 853 984 895 uon
1003 845 1033 891 et

67 855 166 966 iimina
187 908 310 984 praedia
335 927 371 966 ex
390 920 487 966 nostra
505 910 753 979 constitutione⁷⁷)
781 907 855 966 nulia
875 905 1033 966 differentia

68 993 121 1040 eat.
159 982 224 1040 Sed
249 983 274 1038 ri
298 983 411 1058 quidem
436 1001 472 1040 ex
498 1001 583 1040 mura
603 983 778 1050 donationis,
806 992 855 1038 aut
872 982 963 1056 dotia,
984 991 1033 1038 out
1044 993 1072 1038 11
1134 1010 1138 1020 ·

69 1055 197 1131 qualibet
218 1055 275 1113 alia
293 1074 330 1114 ex
348 1074 432 1114 ramo
451 1057 597 1114 tradantur
604 1057 652 1130 ⁰),
674 1055 733 1112 sine
751 1053 836 1112 dubio
857 1054 1033 1113 transferun-

69 1141 132 1185 tur:
150 1129 288 1188 venditae
306 1148 372 1186 vero
391 1142 420 1188 et
439 1131 558 1187 traditae
568 1133 605 1199 ο),
625 1147 681 1185 non
700 1129 781 1184 aliter
799 1129 918 1202 emptori
935 1130 1033 1204 aequi-

69 1215 179 1274 runtnr‚
201 1221 290 1279 quom
309 1204 332 1260 ri
351 1204 374 1260 ir
393 1203 529 1262 venditori
545 1204 664 1279 pretium
679 1202 800 1270 solverit,
818 1203 862 1258 rei
877 1202 932 1258 aiio
947 1202 1032 1260 modo

69 1277 98 1331 ei
114 1275 308 1348 satisfecerit,
328 1277 411 1334 ueluti
431 1279 636 1354 expromiarore
655 1287 703 1332 ant
723 1276 842 1362 pignore
860 1275 936 1331 dato.
956 1275 1032 1351 quod

70 1361 187 1407 cavetur
212 1350 327 1426 quidem
354 1352 438 1408 etiam
467 1370 502 1408 ex
514 1358 541 1424 t)
565 1351 628 1425 iege
647 1349 793 1406 duodecim
812 1349 1033 1420 tabularum²⁸),

72 1435 166 1479 tamen
187 1435 267 1481 recte
287 1423 401 1498 dicitur,
426 1436 455 1483 et
473 1426 533 1481 iure
572 1425 692 1494 eutium,
715 1423 744 1479 id
763 1432 805 1478 est
824 1423 885 1480 inre
903 1422 1033 1492 naturali,

71 1495 101 1551 id
123 1496 205 1554 effici.
244 1497 294 1553 red
319 1498 342 1554 si
367 1499 406 1571 io,
431 1499 477 1576 qui
498 1443 637 1570 vendidit,
662 1497 746 1554 tidem
769 1497 903 1570 emptoris
923 1505 1033 1553 secutus

73 1569 177 1644 fuerit,
206 1569 358 1628 dicendum
375 1583 433 1644 est,
452 1573 544 1630 statim
563 1590 622 1628 rem
644 1571 777 1646 emptoris
795 1566 919 1646 nerim).
957 1569 1033 1625 Nihil
1044 1578 1075 1622 ta

73 1653 166 1700 autern
188 1645 321 1716 intereat,
349 1656 441 1702 utrum
459 1646 519 1721 ipae
537 1645 665 1701 dominus
684 1643 776 1700 tradat
794 1643 874 1698 alicui
894 1661 969 1712 rem,
997 1661 1031 1698 an

75 1717 218 1774 voluntate
235 1718 296 1774 eiua
311 1717 380 1774 olins
390 1725 427 1789 1).
462 1735 517 1794 qua
536 1719 658 1788 ratione,
679 1719 702 1774 ai
721 1718 765 1773 oni
784 1716 870 1774 libera
890 1717 1076 1772 universo-tn
1124 1730 1128 1738 ·

75 1792 168 1867 rum‘)
195 1792 373 1864 negotiorum
399 1792 599 1848 administratio
618 1809 635 1848 a
654 1790 768 1847 domino
788 1791 921 1863 permissa
939 1789 1032 1862 fuerit,

75 1864 152 1938 isque
171 1882 210 1921 ex
230 1865 274 1920 hir
291 1863 409 1940 negotiis
427 1883 486 1922 rem
502 1864 656 1922 vendiderit
671 1874 700 1920 et
713 1863 874 1936 tradiderit,
891 1862 1033 1920 faciteam

74 1937 239 2011 accipientia
250 1937 303 2010 80).
348 1937 487 1996 interdum
505 1937 605 2010 etiam,
625 1939 685 1994 aine
701 1937 865 2006 traditione,
886 1935 961 1992 noda
982 1955 1033 1991 eo·
1045 1946 1076 1990 11

74 2009 164 2066 tuntas
179 2009 283 2067 sufficit
301 2009 405 2069 domini
423 2012 459 2070 ad
475 2029 532 2069 rem
548 2010 790 2079 transferendam,
808 2009 910 2080 veluti,
927 2010 949 2065 si
965 2026 1033 2083 rem,

75 2099 157 2156 qoam
179 2085 234 2140 tibi
259 2083 294 2139 ati
315 2085 357 2140 uia
383 2085 569 2144 commodarit
587 2097 636 2142 aut
654 2085 754 2141 locarit
772 2093 820 2139 aut
839 2083 915 2158 apud
934 2093 963 2140 te
981 2082 1034 2140 de-

76 2157 183 2230 puerit,
212 2101 369 2214 vendiderit
386 2159 436 2216 tibi
455 2171 504 2217 ant
522 2159 708 2233 donarerit¹).
748 2157 872 2232 qunmrir
897 2156 970 2214 enim
997 2175 1034 2213 ex

75 2245 109 2282 ea
134 2248 223 2287 oauea
248 2231 298 2286 tibi
325 2249 387 2289 eam
414 2251 470 2290 non
489 2233 655 2302 tradiderit,
684 2249 719 2287 eo
738 2242 832 2287 tamen
852 2231 930 2305 ipro,
958 2230 1034 2320 qnod

77 2302 179 2374 patitur
198 2315 277 2360 tuam
294 2321 372 2374 esse,
391 2307 482 2363 statim
498 2307 649 2382 acquiritur
661 2305 711 2360 tibi
725 2305 899 2391 proprietas,
918 2305 1035 2379 perinde

75 2376 131 2431 acsi
151 2395 187 2434 eo
206 2376 322 2433 nomine
340 2380 442 2435 tradita
461 2379 622 2452 tutorem).
660 2378 746 2452 item,
763 2396 786 2433 or
806 2379 867 2454 quia
885 2395 990 2434 memes
1007 2379 1033 2434 in
1045 2387 1076 2430 to

77 2449 179 2506 horreo
198 2451 343 2525 depositas
362 2454 534 2522 vendiderit,
560 2452 725 2528 simulatque
749 2451 840 2508 clareo
862 2450 956 2506 horrei
976 2461 1035 2506 tra-

76 2520 177 2579 diderit
197 2543 243 2580 em
266 2524 335 2596 tori,
353 2525 485 2584 transfert
500 2527 698 2602 proprietatem
718 2526 850 2582 mercium
868 2523 904 2580 ad
924 2535 1035 2599 empto-

78 2598 203 2669 rem⁸²).
242 2541 303 2653 iioc
323 2600 458 2674 amplius,
477 2599 616 2657 interdum
637 2609 666 2655 et
684 2600 713 2654 in
731 2599 863 2655 incertam
885 2615 1031 2671 personam
1045 2607 1076 2651 16

78 2669 214 2726 eoiiooata
241 2670 366 2727 rotantur
393 2672 500 2730 domini
526 2672 658 2729 transfert
682 2673 723 2728 rei
749 2672 968 2746 proprietatem:
1005 2683 1034 2726 ut

78 2757 142 2798 ecoe
163 2753 310 2818 praetores
330 2745 372 2802 rei
392 2749 535 2819 consoler,
560 2747 608 2820 qoi
628 2745 740 2801 missilia
756 2747 859 2800 iactant
877 2743 907 2798 in
927 2743 1034 2818 vulgos,

79 2813 224 2884 ignorant,
250 2816 316 2891 quid
340 2836 436 2875 eorum
464 2821 580 2896 quiaque
603 2828 770 2892 excepturus
794 2817 846 2890 ait3
872 2826 901 2872 et
924 2827 1033 2887 tamen,

79 2889 142 2960 quia
161 2890 273 2962 volunt,
292 2892 367 2966 quod
386 2893 504 2969 quiaque
522 2892 680 2966 exceperit,
697 2892 756 2947 eiua
769 2907 847 2962 eoae,
864 2890 956 2946 atatim
969 2907 1033 2946 enm

134 3071 159 3118 o)
174 3068 275 3112 Addunt
287 3076 335 3112 rea.
354 3089 383 3101 -·
411 3070 436 3121 p)
451 3066 496 3111 det,
510 3067 579 3110 etima
611 3076 650 3109 re.
671 3087 700 3098 -
727 3066 751 3118 q)
765 3075 787 3108 o.
802 3065 843 3109 out
854 3065 971 3118 materno
984 3066 1035 3107 etur

79 3119 115 3160 td
130 3125 247 3174 pernaso
259 3124 303 3180 att,
324 3134 347 3168 a
361 3124 403 3168 out
415 3125 454 3168 cut
466 3133 534 3182 porr.
546 3132 593 3168 ar.
603 3136 629 3179 p.
639 3126 682 3176 att.
693 3142 727 3153 -
740 3123 761 3170 rt
774 3123 836 3166 rano.
852 3120 898 3165 rtet.
919 3144 948 3154 -
975 3123 996 3172 a)
1010 3121 1034 3164 d.

77 3176 120 3218 ror
132 3178 194 3222 dotto
207 3180 298 3223 norum
310 3180 406 3225 aenou.

108 3313 148 3370 re)
162 3319 210 3364 cio.
231 3331 253 3372 p.
274 3320 351 3364 Betim
370 3319 407 3364 t&
436 3321 465 3364 1).
485 3319 541 3364 ain
574 3317 596 3365 t.
615 3319 632 3362 1.
646 3319 670 3362 ὅ.
690 3317 715 3374 S.
730 3319 768 3364 18.
789 3341 817 3352 -
850 3316 891 3370 8⁰)
910 3319 928 3362 1.
949 3315 1034 3370 quibua

81 3377 178 3420 parente
192 3376 309 3432 xxxvn,
326 3377 363 3420 12.
378 3376 429 3420 11.
445 3397 473 3408 -
501 3375 540 3426 11)
574 3373 645 3418 alien.
660 3377 690 3426 11,
706 3375 743 3430 8.,
759 3373 838 3428 ibique
852 3373 902 3417 oitt.
917 3393 944 3404 -
958 3371 987 3416 lt.
1003 3371 1033 3413 do

80 3425 108 3471 a.
123 3427 152 3472 do
166 3431 228 3476 nodo
242 3431 295 3476 ture
306 3431 370 3484 onir.
379 3432 429 3484 Vn,
439 3431 476 3476 111.
486 3430 540 3476 nivo
573 3440 665 3483 prooor.
679 3431 721 3485 ΠΙ,
736 3431 759 3474 3.
773 3432 790 3475 1.
804 3431 842 3473 ott.
856 3429 909 3481 ant
929 3427 1033 3472 maritari

81 3481 108 3525 c.
121 3483 152 3526 de
171 3497 268 3540 orooro.
288 3485 371 3532 tranat.
387 3487 442 3543 Vll,
458 3487 497 3531 at.
511 3509 540 3520 -
574 3486 647 3541 xvir,
666 3485 686 3528 1.
700 3487 716 3529 1.
724 3485 762 3532 60.
778 3486 802 3538 3.
810 3485 832 3527 1.
848 3505 876 3516 -
903 3483 943 3535 at)
958 3483 987 3528 l).
1003 3483 1033 3526 de

83 3535 121 3589 ²8)
139 3539 268 3588 Dirttrerrio
287 3543 401 3588 tan.v11.
423 3553 486 3586 num.
503 3544 540 3589 11.
573 3541 642 3586 eunt.
662 3544 708 3585 net.
723 3541 768 3590 VI.
785 3541 806 3584 a.
827 3540 844 3582 1.
858 3537 881 3582 9.
904 3538 981 3594 5.1.;
1003 3539 1033 3582 de

83 3612 110 3624 ·-
123 3593 270 3653 19101111,
287 3600 324 3643 10.
344 3598 539 3654 111ῃίεη.1111,1.
574 3607 624 3650 nup
640 3607 705 3649 poso.
720 3596 784 3650 XLI,
801 3595 823 3638 1.
844 3595 861 3638 1.
875 3595 897 3638 a.
920 3593 946 3648 s.
960 3595 982 3637 θ.
1005 3615 1033 3628 ·-

83 3644 110 3690 Ι).
125 3649 148 3694 tt.
163 3651 224 3698 aar.
239 3655 407 3708 prr-Varro
421 3655 449 3698 11.
464 3655 493 3697 a.
507 3657 538 3710 11,
574 3654 614 3704 et)
630 3654 658 3695 Ι).
674 3651 768 3702 deuon.
783 3649 922 3704 poenicu,
938 3651 960 3693 1.
979 3650 996 3694 l.
1011 3652 1033 3696 1.

83 3701 106 3754 ²2
120 3703 142 3749 6.
164 3707 193 3753 l).
209 3710 238 3754 de
252 3711 356 3754 eontrah.
372 3715 442 3762 empt.
455 3709 538 3766 xviii,
575 3711 599 3761 s.
615 3709 667 3763 rt,
689 3708 717 3750 de
732 3711 804 3750 oontr.
820 3710 890 3759 empt.
905 3705 994 3763 xvnr,
1011 3707 1032 3752 1.

83 3757 253 3822 ¹·t19.aa.;
274 3765 304 3808 de
318 3765 398 3810 tribut.
414 3767 461 3810 aet.
476 3765 538 3822 XIV,
574 3761 967 3822 1.tt.-cto.1²ntltpp.11,t⁸.
