2530 4332
256 281 279 346 4
578 283 682 342 luuex
701 283 896 341 Turonorum.

256 431 302 482 lll.
325 429 366 480 De
384 428 588 494 hereditatibus,
607 445 673 498 quae
692 431 724 482 ab
740 429 864 481 intestato
882 428 1050 505 deferantur.

324 497 365 547 De
382 496 499 561 legitima
514 503 667 563 agnatorum
683 495 857 548 successione.

324 562 365 612 De
382 564 612 616 Senatusconsuuo
631 562 802 614 Tertulliano.

323 628 365 678 De
384 629 614 681 Senatusccnsulto
631 629 795 696 Orphitiano.

323 695 364 745 De
382 696 545 747 successione
562 701 740 761 cognatorum.

323 762 365 812 De
383 761 507 826 gradibus
525 761 695 828 cognationis.

323 827 365 878 Dc
384 830 549 880 successione
568 830 727 881 libertorum.

323 893 364 944 De
383 894 559 959 assignatione
576 897 736 947 libertorum.

323 959 365 1010 De
383 961 511 1013 bonorum
528 962 744 1030 possessionibus.

323 1027 365 1077 De
383 1028 552 1094 acquisitione
569 1045 618 1096 per
635 1027 836 1093 arrogationem.

324 1093 365 1144 De
384 1109 431 1158 eo,
451 1095 494 1147 cui
510 1095 637 1147 libertatis
654 1110 733 1146 causa
749 1096 819 1146 bona
836 1095 998 1148 addicuntur.

324 1160 365 1210 De
383 1163 589 1214 successionibus
606 1161 730 1225 sublatis,
747 1177 815 1227 quae
830 1162 930 1213 fiebant
964 1179 993 1213 er
1009 1164 1150 1215 bonorum
1171 1183 1195 1216 rs

391 1227 517 1280 ditionem
535 1234 562 1279 et
579 1245 613 1278 ex
629 1229 861 1279 Senatusconsulto
879 1228 944 1280 Clau
966 1229 1034 1280 ¹ano.

324 1294 365 1344 De
384 1295 594 1359 obligationibus.

324 1360 425 1414 Quibus
443 1362 527 1412 modis
544 1377 573 1412 re
591 1360 751 1413 contrahitur
768 1359 901 1425 obligatio.

280 1425 282 1432 ’
323 1427 365 1477 De
382 1428 520 1478 verborum
538 1427 704 1492 obligatione.

323 1493 365 1542 De
383 1493 484 1544 duobus
500 1494 552 1545 reis
569 1493 711 1560 stipulandi
727 1498 755 1544 et
770 1493 947 1560 promittendi.

323 1559 365 1609 De
385 1561 553 1638 stipulatione
573 1574 715 1610 servorum.
809 1561 810 1564 ’

323 1626 365 1676 De
383 1627 509 1678 divrsione
526 1626 730 1704 stipulationum.

324 1692 365 1742 De
382 1693 517 1746 inutilibus
535 1693 752 1760 stipulationibus.

324 1759 365 1808 De
381 1760 585 1812 fideiussoribus.

323 1825 365 1875 De
381 1825 516 1878 literarum
534 1825 701 1892 obligatione.

323 1891 365 1942 De
383 1908 512 1944 consensu
529 1893 697 1958 obligatione.

323 1959 364 2008 De
382 1961 514 2026 emptione
532 1965 559 2010 et
575 1959 735 2009 venditione.

324 2026 365 2074 De
384 2026 515 2077 locatione
532 2031 560 2076 et
576 2024 758 2075 conductione.

323 2091 364 2140 De
382 2091 515 2142 societate.

323 2157 364 2207 De
381 2158 511 2210 mandate.

323 2224 364 2274 De
382 2224 584 2288 obligationibus
602 2225 677 2292 quasi
694 2241 728 2277 ex
744 2229 887 2277 contractu.

323 2292 375 2341 Per
393 2307 456 2356 qrras
474 2308 598 2358 personas
616 2292 691 2344 nobis
709 2292 833 2358 obligatio
852 2291 1002 2359 acquiritur.

324 2358 425 2412 Quibus
443 2359 526 2409 modis
544 2359 668 2423 obligatio
686 2358 795 2410 tollitur.

258 2427 293 2476 lV
326 2425 366 2474 Dc
382 2424 597 2488 obligationibus,
615 2441 682 2490 quae
699 2441 733 2476 ex
750 2424 845 2476 delicto
862 2430 1009 2477 nascuntur.

324 2492 364 2541 De
383 2489 407 2539 vi
425 2493 553 2542 bonorum
571 2497 713 2559 raptorum.

324 2554 365 2608 D'e
381 2558 440 2620 lege
457 2558 569 2624 Aquilia.

323 2624 364 2674 De
382 2622 493 2674 iniuriis.

323 2691 365 2740 De
383 2690 600 2755 obligationibus,
617 2709 684 2760 quae
701 2693 776 2759 qnasi
793 2708 826 2742 ex
843 2691 938 2743 delicto
956 2697 1101 2745 nascuntur.

323 2757 364 2807 De
384 2757 536 2809 actionibus.

324 2823 401 2877 erod
424 2839 483 2874 cnm
505 2840 552 2888 eo,
579 2824 624 2891 qni
641 2825 669 2875 in
686 2824 771 2875 aliena
788 2828 918 2890 potestate
935 2829 991 2887 est,
1016 2827 1141 2890 negotium
1157 2845 1198 2892 gc

389 2894 458 2940 stum
477 2907 534 2942 esse
551 2891 660 2942 dicebar.

322 2955 363 3004 De
383 2957 519 3007 noualibus
536 2958 688 3009 actionibus.

322 3021 353 3071 Si
387 3022 515 3089 uadrupes
534 3025 686 3091 pauperiem
703 3023 798 3074 secisse
816 3024 925 3075 dicetur.

322 3036 439 3150 Dedris,
459 3105 505 3155 per
524 3107 588 3156 quos
607 3107 686 3156 agere
704 3106 850 3157 possumus.

322 3154 364 3204 De
381 3154 599 3209 satisdationibus.

322 3220 364 3270 Dc
383 3223 516 3288 perpetuis
534 3230 561 3275 et
578 3223 763 3289 temporalibus
781 3222 941 3286 actionibus,
960 3228 987 3274 et
1004 3239 1065 3290 quae
1081 3225 1110 3275 ad
1125 3224 1198 3277 here«-

390 3287 436 3338 des
454 3292 496 3341 rel
512 3291 539 3341 in
556 3291 666 3341 heredes
686 3296 829 3342 transeunt.

323 3354 364 3404 De
382 3355 588 3422 exceptionibus.

323 3421 364 3472 Dc
383 3423 603 3488 replicationibus.

322 3487 364 3538 De
381 3486 534 3541 interdictis.
631 3491 633 3496 '

323 3554 364 3603 De
381 3571 466 3621 poena
485 3563 584 3608 temere
601 3555 769 3621 litigantium.

323 3620 364 3670 De
383 3621 468 3672 ollicio
487 3623 589 3674 iudicis.

321 3687 364 3738 De
383 3688 492 3752 publicis
509 3689 621 3740 iudiciis.

661 3767 812 3773 .,...-..........,-
820 3768 846 3775 .—
