2520 4328
249 333 292 399 96
381 333 530 390 lusrrrur.
563 327 612 384 Dra
628 343 757 384 enarras
776 323 816 393 ll,
833 327 884 379 20.
908 320 939 402 ἓ.
955 325 1107 378 55-56.

208 499 241 544 83
251 499 319 559 pore
346 481 406 536 dies
432 477 517 552 legati
542 475 632 546 cedit,
661 475 689 529 in
717 480 856 547 potestate
876 469 987 524 heredis
1008 487 1066 524 uon
1088 469 1147 524 sit.
1193 469 1239 522 Ex

251 558 377 623 diverso,
403 552 508 608 herede
532 551 656 606 instituto
681 565 782 618 servo,
810 544 877 619 quin
896 541 1009 598 domino
1033 553 1120 598 recte
1146 543 1239 597 etiam

251 631 310 688 sine
327 627 490 684 condicione
509 624 632 699 legetur,
658 639 716 676 non
735 619 884 675 dubitatur.
921 615 995 672 Nam
1016 626 1062 688 et,
1083 617 1111 670 si
1136 618 1238 670 statim

250 715 315 780 post
340 701 445 758 sactum
471 707 665 753 testamentum
693 692 842 749 decesserit
871 700 1006 759 testator,
1034 708 1095 745 uon
1134 701 1238 744 tamen

251 776 328 853 apud
356 793 437 838 eum,
464 771 512 846 qui
537 771 618 826 lieres
641 769 691 841 sit,
719 767 779 822 dies
806 765 891 839 legati
916 763 1017 820 cedere
1035 763 1239 838 intellegitur,

254 869 315 908 eum
338 846 479 904 hereditas
497 862 514 900 a
531 844 557 900 le
578 853 624 899 ato
641 851 772 916 separata
791 840 840 911 sit,
858 848 887 895 et
905 837 992 913 possit
1011 855 1064 911 per
1080 856 1160 892 eum
1176 857 1239 893 ser-

254 943 316 980 vum
340 921 410 978 alius
430 919 546 974 herese
577 918 616 988 ci,
642 917 664 972 si
685 915 778 990 prins,
798 931 881 988 quam
900 913 974 967 iussu
994 911 1106 967 domini
1135 912 1238 979 adeat,

254 999 282 1052 iu
309 994 422 1051 alterius
449 1000 615 1066 potestatem
638 988 786 1045 translatus
804 988 860 1060 sit,
891 985 934 1042 rel
954 985 1156 1041 manumissus
1175 987 1236 1058 ipse

254 1072 337 1128 lveres
355 1066 488 1124 efficitur:
509 1066 608 1140 quibus
629 1064 737 1119 casibus
757 1061 822 1117 utile
841 1071 883 1116 est
902 1060 1041 1132 legatum3
1070 1060 1188 1134 quodsi
1209 1062 1234 1113 ia

256 1143 356 1200 eadem
382 1158 466 1196 causa
491 1138 690 1215 permanserit,
718 1145 746 1192 et
764 1136 838 1190 iussu
858 1134 985 1208 legatarii
1004 1133 1130 1206 adierit,
1167 1153 1234 1189 era-

212 1231 245 1276 at
256 1217 344 1274 nescit
376 1209 565 1290 legatnm³⁹).
620 1213 693 1266 Ante
719 1209 829 1264 heredis
856 1206 1057 1263 institutionem
1087 1209 1233 1264 inutiliter

255 1301 339 1348 antea
357 1289 519 1363 legabatur,
539 1285 641 1342 scilicet
658 1283 724 1359 quia
742 1291 910 1339 testamenta
925 1281 979 1336 vim
995 1299 1031 1337 ex
1046 1280 1232 1338 institutione

255 1364 391 1422 heredum
410 1355 621 1435 accipiunt⁴⁰),
649 1369 678 1414 et
696 1358 732 1413 ob
753 1355 781 1411 id
803 1355 885 1411 veluti
904 1363 989 1430 caput
1008 1364 1097 1429 atque
1121 1355 1230 1411 sunda-

256 1448 380 1495 mentum
399 1434 567 1508 intellegitur
585 1433 669 1488 totius
687 1430 844 1486 testamenti
864 1429 975 1484 heredis
990 1429 1150 1486 institutio.
1171 1431 1228 1504 peri

256 1513 366 1568 ratione
388 1526 441 1564 nec
459 1508 571 1563 libertas
592 1516 657 1561 ante
679 1504 790 1560 heredis
808 1503 1006 1559 institutionem
1022 1501 1088 1558 dari
1103 1514 1226 1578 poterat.

257 1585 315 1642 Sed
336 1581 401 1658 quia
423 1580 531 1636 incivile
548 1597 608 1636 esse
627 1578 799 1654 putavimus,
818 1577 943 1633 ordinem
964 1575 1079 1651 quidem
1102 1578 1225 1652 scriptu-

258 1676 307 1714 rae
327 1655 404 1731 sequi
425 1654 514 1729 (quod
534 1663 562 1710 et
580 1654 632 1728 ipsi
657 1652 812 1726 antiquitati
832 1650 1045 1726 vituperandum
1066 1651 1171 1707 suerat
1189 1653 1224 1704 vi-

257 1732 352 1804 sum),
383 1729 478 1802 sperni
505 1738 598 1783 autem
629 1727 768 1782 testatoris
794 1725 982 1782 voluntatem:
1015 1742 1069 1799 per
1099 1737 1222 1781 nostran

257 1803 481 1861 constitutionem
506 1812 534 1858 et
560 1802 614 1857 boc
639 1801 733 1856 vitium
759 1799 988 1872 emendavimus,
1016 1808 1047 1853 ut
1072 1798 1180 1867 liceat,
1199 1814 1222 1854 ct

258 1889 324 1934 ante
350 1876 461 1933 heredis
479 1876 695 1946 institutionem,
721 1882 749 1929 et
768 1874 840 1929 inter
858 1873 965 1928 medias
983 1871 1126 1928 heredum
1149 1875 1222 1928 insti·
1251 1919 1252 1926 ,

260 1953 397 2020 tationes,
423 1951 546 2024 legatum
574 1949 750 2023 relinquere,
781 1958 809 2002 et
833 1948 920 2003 multo
944 1947 1033 2020 inagis
1051 1946 1220 2012 libertatem,
1251 1955 1252 2018 l

215 2036 248 2080 3⁵
260 2027 336 2084 cuius
351 2043 415 2080 usus
429 2022 607 2080 favorabilior
621 2023 724 2097 θείῃ).
768 2021 835 2077 Post
850 2031 966 2077 mortem
982 2039 1097 2096 quoque
1112 2021 1221 2078 heredis

260 2111 309 2157 aut
329 2097 456 2174 legatarii
473 2096 553 2153 simili
572 2097 656 2153 modo
675 2095 806 2154 inutiliter
824 2095 987 2170 legabatur:
1013 2095 1099 2150 veluti
1120 2097 1146 2150 si
1167 2097 1221 2170 quis

259 2177 299 2231 ita
313 2173 401 2243 dicat,
422 2189 480 2228 cam
498 2169 574 2227 beree
591 2188 665 2228 merra
677 2176 796 2227 mamurra
807 2173 865 2237 erit,
887 2168 921 2226 vlo
933 2169 1007 2243 lepo,·
1027 2169 1105 2240 item,
1128 2171 1220 2244 pridie,

260 2265 341 2324 msam
359 2245 434 2301 berea
453 2249 500 2301 eal
518 2243 662 2318 legatarios
680 2246 814 2301 morietur.
842 2243 891 2298 sed
913 2243 993 2298 simili
1013 2241 1100 2298 modo
1123 2257 1154 2300 et
1173 2245 1219 2300 boc

261 2319 448 2387 correximus,
467 2316 623 2374 firmitatem
643 2318 800 2374 huiusmodi
818 2317 916 2392 legatis
935 2316 970 2371 ad
990 2315 1215 2373 fideicommissu-

261 2413 322 2448 rum
340 2390 545 2447 similitudinem
564 2402 757 2467 praestantes,
778 2409 814 2447 ne
835 2391 877 2447 vel
896 2391 923 2446 in
943 2390 997 2445 lroc
1012 2408 1078 2446 casu
1098 2391 1219 2448 deterior

215 2470 347 2522 ¹tttlcausa
363 2466 535 2538 legatorum,
555 2483 638 2541 quem
658 2466 931 2522 fideicommissorum
946 2464 1110 2520 inveniatur.
1148 2465 1215 2520 Poe-

263 2557 316 2596 nae
364 2557 454 2614 noque
474 2539 592 2604 ,nomine
613 2540 745 2595 inutiliter
768 2539 915 2614 legabatur
933 2549 961 2603 et
982 2538 1162 2594 adimebatur
1179 2540 1215 2592 vri

263 2557 484 2670 rrarrsiirebatur
544 2653 551 2669 .
589 2631 699 2688 poenae
727 2623 819 2670 autem
849 2613 961 2668 nomine
987 2613 1075 2686 legari
1103 2614 1212 2682 videtur,

263 2687 338 2763 quod
365 2685 511 2743 coiirceudi
537 2686 647 2744 heredis
675 2705 758 2743 causa
786 2686 966 2761 relinquitur,
1000 2705 1056 2760 quo
1082 2690 1172 2760 tnagis
1195 2688 1213 2740 is

263 2759 367 2836 aliquid
386 2759 485 2830 saciat,
513 2772 562 2816 aut
580 2780 635 2817 non
653 2760 754 2818 saciat:
782 2760 864 2816 veluti
884 2761 905 2815 si
926 2761 986 2835 quis
1006 2761 1044 2815 ita
1063 2762 1210 2836 scripserit.

261 2835 337 2892 acres
353 2851 444 2905 mets,
462 2836 487 2890 ai
504 2831 589 2906 tiliam
605 2853 682 2892 strom
700 2837 730 2890 io
749 2837 947 2891 scammoniam
967 2837 1039 2890 Titio
1058 2833 1210 2892 collocaverit

264 2907 321 2986 (vel
336 2926 372 2964 ex
391 2907 520 2979 diverso,
539 2912 564 2966 si
579 2926 632 2966 ooo
648 2907 832 2980 collocaverit),
851 2907 914 2964 dato
930 2907 1017 2964 decem
1032 2925 1126 2965 aureos
1141 2913 1208 2973 Seia.
1249 2933 1250 2962 r

263 2991 312 3038 aut
330 2982 353 3036 si
372 2981 411 3035 ita
430 2981 588 3056 scripserit,
608 2981 683 3038 berea
702 2999 791 3053 meets,
810 2984 834 3038 si
851 2981 991 3055 sauva10)
1012 2981 1131 3038 saraam
1151 2983 1209 3040 alie-

263 3057 365 3112 eavea
382 3054 436 3123 (vel
457 3073 492 3110 cx
513 3056 643 3128 diverso,
663 3058 689 3111 si
705 3072 758 3110 aco
777 3054 953 3128 alienaverit),
975 3058 1046 3112 'Pilio
1062 3054 1149 3112 decen
1166 3075 1208 3113 au-

258 3145 321 3185 reos
340 3126 409 3184 delo.
448 3140 476 3185 et
492 3130 519 3184 in
539 3139 645 3184 tantum
667 3128 736 3184 baec
753 3129 848 3201 regula
868 3129 1082 3200 observabatur,
1103 3139 1132 3185 ut
1151 3149 1207 3205 per-

262 3219 345 3276 quam
363 3201 486 3276 pluribus
506 3203 702 3278 principalibus
716 3203 955 3258 constitutionibus
968 3201 1145 3277 significetur,
1164 3223 1207 3260 nec

260 3275 413 3350 principem
440 3275 551 3350 quidem
577 3294 743 3352 agnoscere,
790 3275 845 3332 uod
867 3278 893 3332 ei
915 3294 1025 3350 poenae
1046 3278 1153 3334 nomine
1171 3279 1207 3332 le-

261 3359 355 3422 gatum
383 3349 425 3404 sit.
462 3365 516 3405 nee
542 3368 578 3405 ex
604 3351 695 3407 militis
717 3295 828 3426 quidem
857 3358 1021 3407 testamento
1042 3350 1107 3406 talia
1123 3351 1205 3426 legata

317 3515 340 3560 o)
354 3519 374 3551 v.
388 3515 469 3550 amne,

289 3613 615 3668 aetn.xxx.1.25.er.pr.;
631 3615 723 3666 quando
757 3614 794 3658 23.
816 3615 832 3658 l.
847 3613 883 3658 tri.
906 3615 942 3658 25.
964 3636 992 3646 -
1026 3613 1066 3665 det
1080 3616 1107 3659 l).
1120 3615 1200 3660 xxm

261 3671 496 3724 disolvaxxXVI,
513 3671 534 3713 a.
550 3671 565 3713 1.
585 3671 619 3718 tt.
635 3691 663 3701 -
684 3670 723 3721 40)
757 3672 810 3714 lb.
832 3669 857 3724 s.
873 3672 894 3714 1.
923 3671 949 3715 c,
965 3672 994 3714 de
1017 3673 1201 3728 contrauracrt.

263 3727 292 3772 Ι).
302 3727 331 3770 de
341 3726 379 3768 llis
392 3737 453 3780 quae
465 3726 489 3769 in
502 3729 556 3770 test.
565 3725 723 3782 delllXVlll,
761 3727 823 3781 Vlll,
839 3727 876 3770 88.
905 3728 922 3770 l.
933 3728 968 3771 tt.

263 3782 354 3826 4.1.3.
370 3803 397 3814 -
425 3782 465 3835 tr)
480 3783 505 3826 c.
526 3783 555 3825 dc
574 3781 723 3840 temeravi,
