2536 4334
692 332 726 378 Π

224 499 377 562 dictarum
398 521 468 564 cum
482 503 580 563 erisirr
596 507 667 560 tu»
683 502 971 582 hhrpntstioaear
985 501 1196 582 spectantium

221 601 392 677 delectum,
414 603 447 664 in
460 603 527 684 ipsa
541 603 658 683 maJore
672 602 807 664 editione
821 603 976 683 occupati,
990 603 1035 663 ita
1049 601 1198 672 fecimus,

223 707 261 762 ut
281 722 352 766 cum
373 721 452 782 quaa
472 722 529 783 per
551 722 587 764 ae
608 704 787 783 gravissima
807 704 1003 778 videbantur,
1025 709 1091 764 tum
1113 721 1199 782 quae

222 808 354 883 propter
376 803 562 884 vulgatamm
584 803 752 866 editionum
779 803 975 884 frequentem
996 823 1084 864 usum
1104 803 1202 884 igno-

223 903 289 964 rari
311 922 371 965 non
394 904 522 979 debent,
550 923 609 966 uuo
632 906 754 966 obtuitu
777 911 849 964 arcte
871 904 974 966 oculos
995 904 1097 985 poait'a
1119 902 1201 962 sint.
1252 946 1253 959 ,

222 1003 261 1064 Ιιι
282 1002 358 1065 iocis
378 1004 530 1082 parallelis
554 1005 747 1087 adjiciendis,
771 1023 830 1084 quo
853 1005 1011 1065 breuiores
1035 1004 1205 1074 fieremus,

220 1104 374 1184 capitum,
397 1123 492 1184 quae,
515 1125 584 1166 cum
608 1104 646 1165 ad
664 1104 802 1184 integros
817 1103 925 1165 titudos
939 1104 1129 1183 pertineant,
1157 1103 1207 1162 ad

224 1205 337 1266 borum
351 1205 439 1266 initia
453 1210 524 1267 suut
532 1205 665 1279 laudata,
680 1203 846 1285 particulas
855 1203 981 1284 singulis
990 1201 1206 1284 paragraphis

223 1307 463 1388 respondentes,
484 1307 517 1366 in
530 1305 579 1366 hia
594 1304 773 1385 plerumque
786 1324 847 1366 non
861 1305 1057 1386 repetiimus,
1071 1305 1103 1365 iu
1118 1303 1205 1365 solis
1252 1385 1253 1396 ἵ

220 1405 295 1466 fere
309 1407 448 1486 corporis
457 1405 729 1487 jurisJuatiuiauci
743 1405 882 1487 partibus
897 1405 957 1467 hac
971 1407 1003 1467 in
1016 1426 1052 1466 rc
1064 1405 1204 1466 chartae
1252 1399 1253 1458 i

220 1525 286 1567 arou
314 1511 486 1585 parcentes.
539 1505 656 1584 Quare,
686 1507 738 1586 qui
767 1525 863 1586 quae,
892 1512 999 1568 nostra
1028 1507 1202 1578 sententia,
1251 1565 1253 1586 ,

220 1606 265 1666 ad
286 1603 387 1666 locum
410 1605 560 1685 quendam
589 1605 818 1668 Institutionum
846 1612 934 1668 recte
963 1606 1201 1687 intelligendum

220 1706 405 1788 gravissima
428 1707 583 1780 sidentur,
612 1709 713 1768 omnia
742 1709 916 1768 examinare
946 1726 982 1769 ac
1011 1727 1116 1769 secum
1144 1726 1202 1766 re·
1252 1727 1253 1736 ¹

225 1813 336 1889 putare
356 1807 416 1869 sibi
438 1809 597 1888 proponit,
627 1827 664 1868 ea
687 1808 803 1869 duobus
826 1808 903 1869 locis
919 1827 1068 1886 quaerere
1090 1807 1202 1879 debet,

220 1929 295 1973 cum
317 1909 351 1969 in
372 1913 446 1970 nota
473 1907 610 1988 generali
640 1907 678 1967 ad
705 1907 787 1967 tituli
817 1912 909 1987 caput
931 1907 1099 1989 adscripta,
1128 1911 1200 1967 tum

224 2010 259 2070 iu
288 2027 342 2083 ea,
372 2027 451 2089 quae
479 2006 523 2067 illi
552 2011 611 2088 ipsi
639 2009 831 2086 paragrapho
862 2007 982 2088 adiecta
1011 2013 1076 2069 eat:
1114 2007 1203 2087 qrrod

221 2109 280 2191 qui
301 2109 427 2188 iusuper
448 2108 564 2182 babet,
591 2108 619 2166 ia
642 2125 735 2186 saepe
757 2107 881 2187 optimis
905 2107 1042 2182 auxiliis,
1066 2128 1084 2169 a
1105 2107 1201 2168 nobis

221 2210 309 2271 haud
331 2208 499 2290 neglectis,
529 2207 656 2268 carebit
715 2206 807 2287 Sigiis
829 2213 992 2288 praeterea
1020 2209 1069 2270 usi
1090 2227 1201 2268 sumus

224 2312 260 2371 in
275 2310 417 2392 juridicis
432 2313 519 2372 certe
540 2306 627 2369 iibria
642 2308 869 2384 usitatissimis,
891 2308 986 2372 vetuti
1008 2307 1038 2370 Ιι.
1060 2327 1118 2390 pro
1138 2305 1203 2368 doc

220 2409 337 2480 ritulo,
367 2411 400 2473 id
422 2416 473 2474 est
494 2409 622 2481 codem,
651 2407 684 2467 in
706 2427 766 2488 quo
787 2428 963 2486 versamur,
991 2410 1039 2472 vel
1061 2410 1202 2490 ipsarum

222 2513 457 2579 institutionum
484 2509 534 2570 vel
560 2506 654 2570 simili
682 2507 879 2590 Digestorum
904 2511 1067 2574 Codiciave
1094 2509 1201 2572 titulo.

220 2613 287 2692 Qui
302 2613 371 2693 quis
386 2613 443 2688 sit,
466 2611 518 2692 qui
532 2610 670 2691 ignoret,
686 2609 725 2674 ad
740 2609 837 2687 tituli,
857 2611 906 2674 vel
920 2613 951 2674 iu
966 2612 1142 2694 permagnis
1158 2613 1199 2670 ti·

221 2713 311 2788 tudis,
327 2713 365 2774 ad
379 2715 446 2794 ejus
460 2711 654 2773 tractationis
668 2711 800 2786 initium,
814 2713 847 2774 in
861 2733 921 2793 qua
933 2732 1102 2785 versamur,
1118 2705 1199 2794 (vel-

223 2813 273 2882 uti
296 2833 314 2874 a
334 2813 432 2874 libil.
453 2813 503 2874 tit.
517 2813 545 2873 l.
565 2809 595 2891 §.
605 2809 658 2873 26.
678 2815 742 2874 not.
752 2811 803 2874 50.
825 2811 965 2894 prgliii‘,
996 2813 1035 2875 ad
1058 2813 1198 2894 apludam

226 2914 279 2982 tit.
303 2911 332 2992 ἓ.
350 2914 399 2974 ll.
423 2918 487 2975 not.
501 2912 553 2974 20.
575 2931 644 2992 pag.
658 2907 743 2993 ts),
777 2919 937 2990 recurret,
971 2915 1024 2976 ubi
1052 2914 1084 2975 in
1113 2913 1197 2974 notia

223 3033 300 3074 erun
322 3012 462 3087 titulum,
486 3013 524 3073 ad
545 3031 636 3092 quem
657 3012 734 3092 sigla
748 3009 778 3070 b.
795 3014 950 3089 refertur,
972 3014 1129 3076 laudatum
1150 3014 1197 3074 iu·

227 3114 341 3174 veniet.
386 3111 449 3173 Ubi
472 3116 575 3174 autem
594 3112 778 3174 dubitationi
800 3112 885 3176 locus
907 3115 1034 3177 relictus
1053 3119 1120 3189 est,
1145 3132 1195 3176 ea·
1223 3181 1224 3186 γ

222 3214 300 3274 dem
322 3211 399 3293 sigla
425 3212 604 3293 pierumque
632 3213 665 3274 in
692 3213 874 3294 parenthesi
897 3215 1015 3298 adjecta
1038 3219 1103 3276 eat:
1134 3211 1192 3291 (Ιι).

227 3312 297 3376 Alia
319 3312 429 3377 similia
443 3319 531 3389 runt,
555 3313 637 3394 quod
653 3311 783 3398 Dionys.
799 3313 911 3375 Halic.
927 3315 1018 3399 hujm
1033 3312 1192 3395 scriptoris

217 3403 415 3499 <Ιίιιμαὶίιὴν
431 3404 703 3498 Ἀρχαιολογίανς
742 3414 871 3495 Ulpinn.
901 3434 971 3478 eum
998 3416 1090 3498 hujus
1118 3412 1192 3478 acri·

224 3514 329 3594 pteris
349 3513 485 3581 libellum
507 3517 653 3592 diximus,
676 3516 729 3596 qud
744 3521 831 3580 extra
852 3521 974 3580 veteres
997 3515 1191 3580 mssoonme·

222 3618 368 3682 servabis
395 3616 468 3683 inde
496 3635 515 3680 a
542 3615 623 3680 XVI.
652 3615 774 3678 saeculo
802 3617 941 3699 vulgatus
970 3621 1020 3682 est
1057 3611 1191 3699 (Ulpiani
