2536 4334
232 307 276 372 48
323 308 472 366 lusrrror.
504 306 554 366 Da
572 325 681 366 aaron
698 324 859 366 ntrtstonu
876 306 920 376 11,
939 311 968 364 1.
992 305 1024 386 §-
1043 311 1190 366 15-116.

191 458 338 533 1311145).
377 456 485 525 Quodsi
502 458 620 515 nntorali
639 458 718 514 alveo
737 457 764 512 in
788 457 943 512 uuiversum
963 454 1115 523 derelicto,
1138 455 1194 510 alia

232 543 312 608 parte
329 531 417 588 linere
435 533 581 606 coeperit,
631 532 686 588 rior
702 531 814 606 quidem
833 531 927 586 alveus
946 547 1045 586 eornm
1064 539 1123 598 est,
1147 530 1195 604 qai

232 624 321 737 prope
334 606 434 692 'ripum
452 606 512 662 eius
531 624 600 682 proc
621 607 648 661 ia
667 604 826 680 possident,
852 623 903 678 pro
923 602 1008 658 modo
1028 603 1134 660 scilicet
1152 603 1197 658 la-

233 683 282 738 tito
304 680 356 736 inu
374 679 508 754 cuiusque
526 682 603 754 agri,
621 697 694 766 qnae
711 678 828 734 latitudo
845 695 934 752 prope
954 677 1044 750 ripam
1062 677 1119 746 sit,
1141 694 1197 731 no-

232 774 281 812 une
305 764 399 810 autem
427 753 521 809 alveus
546 755 607 810 eius
632 754 699 810 turis
724 770 786 808 esse
812 752 925 826 incipit,
951 752 1028 806 cuius
1050 761 1080 806 et
1104 751 1197 824 ipsum

231 829 346 896 flumen,
372 825 466 882 idest
490 828 593 902 publici
603 822 642 901 1²).
679 825 778 901 quodsi
804 834 866 899 post
891 824 1006 899 aliquod
1024 834 1139 898 tempus
1160 823 1197 878 ad

232 902 355 974 priorem
381 899 490 956 dueum
515 917 654 957 reversum
673 899 758 956 fuerit
775 898 900 969 flumen,
928 917 1022 954 rursus
1042 915 1134 953 novus
1155 898 1198 952 al-

235 991 301 1030 ueus
320 991 416 1030 eornm
436 991 497 1030 esse
515 975 620 1052 incipit,
640 973 688 1049 qui
705 990 795 1048 prope
815 973 904 1047 ripam
919 973 979 1027 eius
993 971 1115 1046 praedia
1130 990 1198 1044 pos-

190 1048 334 1103 ttsident.
372 1046 433 1102 Alia
452 1065 520 1104 sane
538 1067 622 1104 cansa
641 1058 699 1114 est,
721 1047 743 1102 si
764 1045 842 1102 cuius
861 1059 935 1100 totns
954 1064 1023 1116 ager
1044 1045 1197 1100 inundatos

233 1121 327 1177 suerit.
361 1139 454 1196 neque
475 1123 549 1178 enim
569 1121 714 1178 inundatio
733 1139 746 1175 s
767 1121 855 1176 eciem
874 1119 954 1174 limdi
973 1129 1150 1190 commutat,
1170 1129 1197 1172 et

234 1197 270 1250 ob
295 1195 342 1266 id,
368 1195 391 1252 si
416 1197 561 1252 recesserit
585 1213 679 1270 aqna,
708 1139 801 1270 palitm
827 1203 885 1266 est,
908 1211 973 1248 eum
995 1192 1120 1248 lundam
1139 1193 1197 1248 eius

234 1286 364 1340 manere,
383 1269 460 1328 cuius
479 1279 508 1324 et
525 1269 615 1342 fuito)
627 1269 680 1337 46).

191 1360 224 1403 m
292 1341 364 1400 Cum
391 1360 427 1398 ex
451 1342 542 1398 aliena
561 1342 678 1399 materia
696 1340 804 1414 species
824 1339 916 1414 aliqua
935 1339 1011 1395 lacta
1029 1339 1066 1394 sit
1086 1339 1127 1394 ab
1148 1338 1196 1394 ali-

233 1434 309 1490 quo,
340 1415 437 1491 quaeri
462 1415 551 1487 solet,
575 1417 636 1490 quis
663 1433 759 1472 eorum
784 1414 904 1468 naturali
931 1414 1039 1469 ratione
1065 1411 1195 1468 dominus

233 1492 287 1561 sit,
307 1501 399 1546 utrum
416 1489 454 1558 is,
474 1489 523 1563 qni
541 1489 657 1560 fecerit,
676 1507 712 1544 an
731 1487 776 1542 ille
795 1488 902 1560 potius,
922 1487 970 1561 qni
988 1487 1132 1542 materiae
1147 1485 1194 1540 dn-

233 1564 323 1618 minus
341 1561 442 1619 luerit:
462 1575 491 1616 ut
511 1580 592 1630 ecce,
611 1564 634 1618 si
653 1563 714 1638 quis
734 1579 769 1616 ex
789 1561 886 1616 alienis
905 1561 963 1616 uvis
983 1570 1032 1616 aut
1050 1559 1135 1614 olivis
1152 1568 1193 1614 aut

234 1635 316 1710 spicis
344 1635 437 1690 virtum
464 1649 512 1691 aut
540 1637 631 1692 oleum
657 1645 705 1692 ant
731 1634 901 1690 frumentum
927 1634 1045 1703 lecerit,
1084 1643 1138 1688 aut
1162 1651 1193 1688 ex

233 1710 325 1764 alieno
345 1726 429 1779 auro,
447 1709 489 1764 vel
507 1722 639 1785 argento,
660 1711 702 1764 rel
722 1726 788 1764 aere
810 1726 856 1762 vas
876 1707 988 1782 aliquod
1008 1707 1134 1778 lecerit,
1156 1705 1193 1760 rel

233 1802 270 1838 ex
297 1781 387 1838 alieno
414 1783 476 1838 vino
501 1793 530 1839 et
548 1784 630 1840 melle
650 1784 767 1838 mulsum
787 1783 948 1852 miscuerit,
976 1781 1076 1836 velex
1097 1780 1194 1836 alienis

234 1855 442 1912 medicamentis
467 1858 646 1932 emplastrum
673 1867 721 1912 ant
745 1856 887 1927 collyrium
912 1853 1126 1928 composuerit,
1155 1853 1195 1908 rel

233 1951 269 1987 ex
293 1929 384 1986 aliena
410 1931 475 1986 lana
496 1933 687 1987 vestimentum
706 1929 824 2000 fecerit,
853 1927 895 1984 vel
918 1947 953 1984 ex
976 1929 1073 1984 alienis
1094 1926 1195 1982 tabulis

233 2023 333 2061 navem
358 2004 403 2059 vel
428 2005 577 2060 armarium
605 2005 648 2060 rel
672 2002 831 2060 subsellium
858 2001 1044 2058 fabricaverit.
1083 2009 1112 2056 et
1133 2011 1197 2076 post

234 2079 333 2134 multas
353 2077 567 2134 Sabinianorum
595 2089 623 2135 et
640 2076 886 2134 Proculeiauorom
911 2076 1108 2150 ambiguitates
1133 2075 1198 2150 plo-

234 2153 290 2206 cuit
314 2151 408 2206 media
433 2151 571 2206 sententia
594 2151 825 2220 existimantium,
852 2151 876 2206 si
894 2168 929 2208 ea
946 2150 1054 2226 species
1074 2147 1111 2204 ad
1134 2167 1197 2204 ma-

234 2224 331 2278 teriam
351 2224 446 2279 reduci
469 2225 572 2296 possit,
592 2243 655 2280 eum
676 2225 761 2280 videri
782 2224 925 2280 dominum
945 2242 1016 2293 esse,
1036 2223 1084 2296 qui
1104 2233 1197 2277 mate-

235 2299 294 2352 riae
320 2297 448 2352 dominus
473 2300 586 2370 suerat,
617 2299 639 2354 si
669 2317 722 2353 nnn
750 2298 836 2372 possit
865 2297 978 2368 reduci,
1011 2315 1074 2351 eum
1102 2296 1196 2370 potins

235 2369 357 2498 intelledgi
376 2369 533 2442 dominnm,
553 2373 601 2446 qni
618 2373 730 2428 fecerit:
751 2382 780 2426 ut
796 2389 882 2441 ecce,
902 2389 949 2426 vas
963 2370 1113 2426 conflatum
1131 2381 1197 2443 pot-

234 2455 277 2498 est
303 2461 320 2499 a
366 2444 464 2499 rudem
490 2463 608 2500 massam
634 2446 706 2501 aeris
732 2444 774 2501 vel
799 2445 907 2518 argenti
932 2445 975 2500 vel
1000 2444 1061 2499 auri
1083 2442 1195 2512 reduci,

235 2517 327 2572 vinum
357 2529 449 2572 autern
476 2529 525 2574 aut
549 2519 639 2574 oleum
662 2528 709 2573 aot
727 2520 896 2575 frumentum
916 2517 953 2573 ad
974 2536 1040 2573 uvas
1060 2529 1089 2572 et
1109 2516 1196 2572 olivas

235 2602 264 2644 et
290 2590 380 2665 spicas
405 2592 506 2648 reverti
531 2611 587 2648 non
615 2601 722 2666 potest,
750 2611 783 2648 ac
809 2609 845 2646 ne
871 2592 988 2647 mulsum
1016 2591 1128 2665 quidem
1159 2593 1195 2644 ad

235 2665 327 2720 vinum
347 2674 376 2720 et
395 2664 450 2720 mel
468 2665 567 2720 resolvi
586 2675 686 2740 potest.
706 2666 804 2738 quodsi
825 2666 924 2737 partim
944 2684 980 2720 ex
996 2683 1047 2720 sua
1067 2665 1195 2729 materia,

234 2740 335 2866 partim
364 2757 400 2794 ex
427 2739 519 2795 aliena
544 2739 665 2813 speciem
685 2738 804 2813 aliquam
823 2739 921 2794 lecerit
940 2735 1117 2814 quisquer),
1147 2756 1195 2792 ve-

245 2813 283 2867 nti
307 2830 342 2867 ex
366 2830 417 2867 suo
444 2813 507 2868 sino
534 2823 562 2868 et
589 2812 680 2867 alieno
708 2813 788 2868 melle
807 2812 941 2880 mulsum,
969 2822 1071 2866 autes
1092 2811 1195 2865 suiset

236 2886 331 2940 alienis
350 2885 560 2942 medicamentis
580 2885 759 2958 emplastrum
777 2896 825 2940 aut
846 2885 1005 2958 collyrium,
1027 2895 1077 2939 aut
1092 2903 1130 2940 ex
1145 2902 1194 2938 sna

236 2969 265 3012 et
290 2957 380 3013 aliena
406 2958 469 3014 lana
498 2960 689 3014 vestimentum
710 2959 828 3030 lecerit,
857 2959 1041 3015 dubitandum
1066 2970 1192 3024 nonest,

237 3031 290 3085 boc
307 3049 372 3085 casu
389 3049 452 3085 eum
472 3051 532 3087 esse
552 3033 710 3103 dominum,
738 3035 784 3106 qui
801 3033 914 3088 fecerit:
945 3051 1007 3088 cum
1028 3050 1085 3086 non
1106 3031 1192 3086 sulum

237 3120 351 3176 operam
369 3121 446 3157 snam
466 3101 560 3172 dedit,
576 3105 625 3160 sed
645 3115 673 3160 et
692 3117 799 3180 partem
817 3106 941 3162 eiusdem
958 3105 1094 3160 materiae
1110 3121 1193 3179 prae-

196 3173 353 3248 sestario)
365 3177 418 3244 Π).
456 3177 479 3231 si
497 3188 590 3232 tamen
610 3177 729 3233 alienam
750 3198 903 3255 purpuram
923 3180 984 3254 quis
1004 3178 1124 3234 intexuit
1143 3195 1192 3232 suo

238 3411 259 3459 μ)
272 3353 448 3462 pppeppppelticus,
465 3362 549 3395 ..omre
563 3375 591 3383 -
619 3355 642 3405 q)
656 3352 743 3408 marat,
759 3353 842 3406 nutes.
858 3377 885 3386 -
914 3358 934 3406 r)
948 3355 1079 3407 putsqmm,
1094 3354 1151 3406 quit.
1166 3372 1192 3382 -

266 3532 305 3581 15)
320 3533 347 3574 u.
362 3532 446 3586 xum,
459 3531 497 3575 12.
512 3533 529 3574 l.
543 3531 562 3573 1.
579 3531 603 3585 s.
618 3531 654 3576 10.
669 3555 697 3564 -
731 3535 813 3584 xbttt,
827 3536 863 3578 te.
878 3536 924 3578 1.1,
940 3536 964 3589 3.
971 3536 992 3578 8.
1000 3535 1023 3576 tt.
1038 3555 1068 3566 —
1089 3533 1128 3584 17)
1143 3529 1190 3574 cai.

239 3588 507 3639 cic.oeotttt.1,38
531 3587 699 3632 Glrmonluuio-
731 3589 812 3644 ll,‘19.
842 3590 1190 3644 1).b.l.7.§.i.l.12.§.l.

239 3652 293 3706 tuom
326 3653 405 3686 amu.
434 3643 517 3686 Isrdot.
539 3643 613 3696 origg.
633 3645 696 3694 XIV,
731 3647 747 3689 l.
763 3646 800 3688 21.
816 3647 854 3690 25.
869 3648 906 3691 26.
922 3657 956 3698 pr.
972 3647 1027 3701 §.a
1042 3646 1109 3690 127.
1124 3645 1188 3698 §.bt

241 3699 262 3740 8.
283 3709 306 3738 ιιι
321 3699 336 3741 t.
355 3721 384 3730 -
411 3699 451 3749 16)
467 3701 495 3742 Ι).
516 3699 602 3751 onibus
621 3700 698 3743 modis
732 3701 761 3744 rie
776 3702 810 3743 rei
826 3703 911 3746 vindic.
926 3704 967 3756 Vl,
986 3707 1006 3744 1.
1020 3703 1037 3744 Ι.
1053 3704 1076 3745 ι’).
1092 3701 1115 3754 s.
1131 3704 1190 3743 1.-

242 3751 416 3809 masmim.
430 3755 553 3809 1.23.21.;
569 3755 598 3798 de
611 3755 697 3800 llumiu.
732 3760 821 3801 seneca
838 3771 874 3812 ep.
884 3761 922 3813 65,
939 3761 961 3802 2.
977 3772 1027 3812 sqq
1060 3761 1109 3801 Ι.1ι.
1125 3755 1189 3810 511.
