2520 4328
105 333 261 392 lnsrrrnr.
293 331 342 390 Dr
358 350 448 404 nnn„
464 349 513 400 nn.
529 351 568 390 sn
584 351 645 392 mr.
661 351 692 391 n.
710 333 767 403 111,
783 338 811 390 t.
831 332 862 414 §·
880 339 928 392 ta.
984 335 1044 397 lll

61 492 177 537 torum
205 499 254 537 eos
280 481 488 556 anteponebat3
522 482 640 556 nepotes
666 492 775 554 autem,
800 483 848 555 qui
875 500 910 538 ex
936 481 1047 540 filiabus

65 557 143 610 nati
162 566 244 623 suut,
264 565 293 610 et
313 566 483 631 pronepotes
503 573 538 611 ex
558 558 689 631 neptibus
708 566 887 629 cognatorum
910 558 970 612 loco
991 577 1045 613 nu-

66 645 217 700 merans,
246 640 309 705 post
335 641 500 704 agnatorum
529 629 630 685 lineam
651 647 699 686 eos
723 629 858 698 vocabat,
876 641 932 686 tam
952 631 981 686 in
1001 634 1046 687 ari

66 703 127 759 vel
147 703 245 778 proavi
265 703 398 774 materni,
424 721 507 778 qnam
530 705 557 759 in
580 704 659 760 aviae
679 703 720 760 vei
745 705 894 778 proaviae,
916 705 973 761 sive
991 723 1046 780 pa-

67 789 183 833 ternae
206 780 262 833 sive
281 787 443 848 maternae,
462 777 674 834 successionem.
713 777 776 832 Divi
795 789 887 834 autem
904 779 1046 853 principes

68 869 139 906 non
165 851 240 926 passi
266 859 346 921 sunt,
373 850 456 907 talem
476 861 573 907 contra
593 863 719 906 naturam
740 851 866 907 iniuriam
888 854 947 907 sine
967 873 1044 908 corn-

69 926 192 1000 petenti
219 924 415 980 emendatione
440 925 612 1000 relinquere:
641 925 691 981 sed
717 944 778 980 cum
799 927 908 1000 nepotis
930 937 958 982 et
976 946 1045 1002 pro-

69 999 195 1074 nepotis
213 1016 316 1054 nomen
332 1017 479 1054 commune
499 1009 541 1054 est
560 999 701 1075 utrisque,
722 1000 769 1075 qui
790 1009 846 1055 tam
864 1019 898 1054 ex
917 1002 1045 1056 masculis

69 1091 168 1150 quarn
190 1091 225 1129 ex
246 1071 356 1129 seminis
376 1072 569 1144 descendunt,
592 1072 656 1128 ideo
676 1073 795 1129 eundem
815 1075 931 1148 gradum
950 1085 979 1131 et
997 1095 1046 1130 nr-

70 1148 178 1203 dinem
199 1147 380 1203 successionis
401 1147 441 1203 eis
468 1146 658 1220 donaverunt,
685 1147 734 1203 sed
756 1157 786 1202 ut
803 1149 906 1222 aliquid
927 1149 1046 1224 amplius

71 1222 116 1276 sit
136 1222 192 1292 eis,
213 1222 336 1297 quinon
357 1221 444 1276 soium
464 1230 597 1293 naturae,
619 1221 668 1276 sed
689 1221 771 1277 etiam
788 1223 885 1278 veteris
903 1224 968 1278 iuris
985 1223 1045 1280 sd-

71 1285 175 1369 sragio
210 1295 390 1368 muniuntur,
427 1295 583 1370 portionem
613 1305 747 1371 nepotum
780 1307 808 1350 et
842 1307 973 1370 neptum,
1003 1298 1045 1352 vel

73 1369 233 1443 deinceps,
253 1368 289 1424 de
310 1370 409 1444 quihus
428 1387 513 1444 supra
533 1369 668 1440 diximus,
689 1369 773 1444 paulo
790 1370 968 1426 minuendam
984 1389 1045 1426 esse

75 1444 333 1514 existimaverunt,
356 1455 385 1498 ut
404 1444 493 1498 minus
512 1443 620 1498 tertiam
640 1455 748 1517 partem
766 1446 943 1518 acciperen‘,
961 1463 1044 1520 quam

76 1528 176 1573 rnater
200 1536 297 1573 eornm
317 1517 362 1572 vel
381 1519 442 1573 avia
463 1517 556 1573 suerat
576 1529 747 1592 acceptura,
775 1518 817 1573 vel
838 1529 918 1592 pater
937 1537 1044 1588 eorum,

77 1592 126 1647 vei
154 1609 221 1647 avus
241 1603 389 1666 paternus,
418 1592 474 1647 sive
493 1601 650 1663 maternos,
678 1592 791 1666 quaudo
811 1591 915 1647 semina
935 1602 1044 1648 mortua

74 1667 134 1734 sit,
158 1666 235 1721 cuius
252 1665 288 1722 de
308 1666 464 1721 hereditate
481 1665 593 1740 agitur,
614 1665 727 1740 bisque,
748 1666 810 1720 iicet
829 1667 879 1721 soii
902 1666 971 1736 sint,
991 1667 1044 1721 ad-

77 1740 229 1811 euntibus,
251 1749 368 1814 agnatos
388 1740 500 1794 minime
518 1740 663 1795 vocabant.
701 1750 728 1794 et
747 1741 982 1814 quemadmodum
998 1741 1042 1796 lex

75 1814 232 1869 duodecim
254 1814 419 1883 tabularum,
439 1812 496 1868 fitis
516 1824 636 1881 mortuo,
657 1814 831 1886 nepotesve!
849 1826 954 1888 neptes,
976 1835 1044 1889 pro-

76 1899 203 1962 nepotes
225 1888 267 1943 vel
287 1899 438 1962 proneptes
459 1887 596 1942 inlocum
617 1887 764 1960 patrissui
786 1887 821 1941 ad
843 1889 1042 1944 successionem

76 1963 127 2018 avi
147 1971 244 2020 vocat:
265 1962 351 2018 itaet
370 1961 529 2036 principalis
547 1961 691 2034 dispositio
709 1960 737 2016 in
758 1960 846 2015 iocum
868 1962 1043 2016 matrissuae

76 2036 127 2091 vel
148 2037 228 2092 aviae
248 2055 297 2092 eos
319 2055 380 2092 cum
401 2037 456 2090 iam
477 2035 623 2109 designata
638 2035 724 2107 partis
740 2035 839 2090 tertiae
856 2035 1044 2090 deminutione

78 2119 174 2165 vocat.
213 2109 271 2166 Sed
291 2127 358 2182 nos,
381 2129 442 2165 cum
463 2109 555 2165 adhuc
574 2109 710 2164 dubitatio
727 2111 857 2164 manebat
870 2109 941 2164 inter
956 2127 1044 2182 agna·
1060 2115 1089 2168 t'a

76 2196 128 2240 tos
148 2195 176 2239 et
194 2195 365 2240 memoratos
385 2195 518 2258 nepotes,
547 2194 654 2256 partem
681 2194 807 2256 quartam
835 2182 958 2237 defuncti
978 2185 1044 2238 suir-

76 2257 203 2314 stantiae
230 2259 338 2333 agnatis
364 2258 422 2318 sibi¹
444 2257 646 2312 vindicantibus
674 2274 708 2312 er
736 2257 877 2312 cuiusdam
891 2256 912 2330 ¹)
942 2259 1045 2312 consti-

77 2333 197 2388 tutionis
222 2333 403 2388 auctoritate:
430 2343 612 2386 memoratam
641 2331 752 2406 quidem
779 2331 1002 2386 constitutionem
1028 2350 1044 2386 a
1079 2342 1082 2350 ’
1122 2361 1124 2366 ·

77 2416 178 2462 nostro
199 2406 295 2462 codice
315 2407 538 2480 segregavimus,
559 2423 649 2480 neque
669 2405 751 2460 inseri
772 2423 832 2460 eam
854 2423 889 2460 ex
907 2405 1045 2461 Theodo-

78 2481 162 2535 siann
183 2479 279 2536 codice
300 2480 381 2535 ineo
402 2481 595 2535 concessimus.
625 2490 718 2534 nostra
739 2490 832 2534 autem
850 2479 1044 2535 constitutione

103 2555 278 2629 romuigata,
295 2554 345 2609 toti
366 2553 418 2608 iuri
438 2553 497 2609 eius
516 2553 680 2626 derogatum
700 2564 757 2624 est;
777 2564 805 2609 et
824 2554 980 2625 sanximus,
1001 2567 1045 2608 ta-

78 2573 154 2684 dbus
183 2629 333 2704 nepotibus
361 2645 396 2683 cx
424 2627 498 2695 filia,
527 2627 568 2681 vei
595 2627 797 2702 pronepotibus
824 2645 858 2683 ex
886 2639 989 2700 nepte,
1016 2639 1046 2683 et

80 2703 234 2777 deinceps,
254 2701 463 2775 superstitibus,
485 2712 602 2776 agnatos
621 2700 722 2755 nuliam
742 2711 849 2774 partem
865 2701 965 2755 mortui
980 2720 1043 2756 suc-

79 2777 216 2833 cessionis
244 2776 297 2830 sihi
324 2775 483 2842 vindicare,
519 2793 553 2830 ne
580 2775 624 2845 iri,
656 2775 703 2848 qui
731 2793 766 2829 ex
793 2785 948 2829 transversa
969 2774 1044 2830 linea

80 2851 214 2922 veniunt,
237 2851 361 2924 potiores
382 2849 423 2904 his
442 2849 615 2914 habeantur,
635 2849 682 2921 qui
698 2859 774 2902 recto
789 2846 848 2902 iure
861 2846 1044 2903 descendunt¹

79 2941 167 3000 quam
194 2924 418 2982 constitutionem
443 2933 564 2978 nostram
585 2922 711 2976 obtinere
730 2921 882 2976 secundum
903 2922 945 2976 sui
966 2922 1045 2996 vigo„

80 3016 142 3054 rem
163 3007 190 3054 et
210 3008 338 3072 tempora
359 3006 387 3052 et
406 3015 480 3052 nunc
499 2997 652 3052 sancimus:
682 2996 719 3050 ita
739 3005 851 3063 tamen,
871 3007 921 3069 ut,
945 3015 1045 3070 quem-

80 3071 236 3128 admodum
264 3073 337 3128 inter
362 3069 434 3125 filios
454 3080 482 3125 et
501 3081 619 3144 nepotes
639 3087 674 3124 ex
694 3069 750 3124 fiiio
772 3069 921 3143 antiquitas
940 3071 1044 3139 statuit,

80 3164 140 3202 non
160 3147 188 3201 in
208 3146 318 3221 capita,
345 3145 393 3200 sed
415 3145 442 3199 in
463 3144 562 3220 stirpes
583 3143 666 3199 dividi
688 3143 894 3216 hereditatem,
921 3145 1046 3200 similiter

81 3239 134 3276 nos
150 3219 224 3276 inter
242 3219 313 3275 filios
334 3228 362 3273 et
383 3227 501 3293 nepotes
520 3237 554 3274 ex
573 3217 629 3272 filia
650 3219 870 3274 distributionem
889 3219 948 3274 fieri
965 3220 1046 3274 iube-

80 3313 161 3365 mus,
186 3294 228 3350 vei
249 3294 321 3349 inter
339 3310 436 3348 ornnes
462 3304 578 3365 nepotes
599 3303 626 3347 et
647 3302 760 3367 neptes,
780 3303 808 3347 et
829 3293 896 3348 alias
913 3293 1045 3366 deinceps

81 3386 233 3444 personas,
255 3379 284 3423 ut
301 3377 418 3442 utraque
435 3369 583 3442 progenies
597 3367 692 3421 matris
706 3384 774 3422 suae
791 3366 833 3420 rel
852 3368 946 3440 patris,
965 3367 1046 3422 aviae

82 3443 125 3498 vel
146 3443 205 3514 ari,
226 3442 382 3517 portionem
403 3442 462 3497 sine
482 3441 535 3495 ulia
555 3440 746 3495 deminutione
764 3451 983 3516 consequantur,
1005 3453 1047 3507 ut,

80 3517 104 3572 si
129 3515 203 3572 sorte
232 3534 301 3571 unus
329 3515 371 3571 rei
398 3514 454 3570 diro
484 3533 518 3570 er
547 3532 601 3570 una
628 3524 724 3586 parte,
754 3531 788 3566 ex
812 3519 900 3568 altera
920 3523 974 3569 tres
996 3527 1044 3567 aut

81 3602 204 3665 quatuor
229 3599 341 3660 extent,
371 3608 440 3644 unus
469 3600 516 3643 aut
535 3589 597 3658 ¹dno
623 3587 779 3658 dimidiam,
808 3587 887 3642 alteri
915 3597 970 3643 tres
996 3599 1045 3643 ant

79 3676 204 3740 quatuor
226 3664 343 3720 aiteram
363 3663 504 3718 dimidiam
526 3661 688 3719 hereditatis
708 3661 838 3716 habeant.

138 3808 156 3859 l)
172 3807 280 3852 eiusdem.
