2520 4328
56 337 233 396 lrasrrrur.
272 337 321 396 Du
338 355 516 396 nasamone
533 357 748 398 tnsrrruuunls
770 341 810 411 ll,
830 347 879 398 tt.
904 341 954 400 Pr.
1004 343 1047 404 77

51 495 181 572 ,postea
200 487 287 541 secuti
309 485 533 556 emendentur,
559 487 624 544 ideo
643 489 762 562 simplex
781 507 814 544 ac
831 490 919 546 simile
939 492 997 563 ius,
1017 501 1046 547 et

57 579 100 613 an
129 558 192 614 filiis
212 569 240 614 et
259 560 286 614 in
303 558 432 629 filiabus,
451 570 479 615 et
497 562 525 615 in
545 563 643 618 ceteris
663 562 891 619 descendentium
912 581 963 639 per
980 565 1047 620 riri-

59 634 134 688 lem
156 650 255 688 sexum
275 634 416 708 personis,
435 652 492 688 uon
513 635 601 690 solum
622 636 710 704 natis,
730 637 779 691 sed
798 637 881 692 etiam
900 639 1045 712 postumis‚

55 706 255 778 introduxit,
285 718 316 762 ut
336 725 449 778 omnes,
476 709 607 779 sivesui,
631 710 688 764 sire
709 711 877 784 emancipati
896 717 975 777 suut,
997 723 1046 768 aut
1120 715 1126 723 '

57 779 201 837 heredes
221 780 415 852 instituantur,
435 791 483 836 aut
504 783 665 838 nominatim
686 783 908 854 exheredentur‚
928 795 956 840 et
974 803 1046 842 eun-

58 855 144 910 dern
175 855 298 910 haheant
328 851 457 910 effectum
485 855 557 911 eirca
578 866 745 912 testamenta
766 868 914 932 parentum
931 877 1045 916 suorum

53 927 264 998 infirmanda,
291 938 319 983 et
338 928 522 984 hereditatem
545 929 744 1001 auferendam,
771 949 854 1006 quem
875 932 923 987 filii
941 934 983 988 sui
1003 934 1047 990 rel

57 1003 250 1076 emancipati
269 1001 389 1075 habent,
410 1003 467 1058 sire
484 1003 538 1058 iarn
555 1004 612 1058 nati
627 1012 705 1076 sunt,
724 1006 798 1076 sive,
819 1005 911 1061 adhoc
923 1007 950 1062 iu
966 1016 1046 1064 utero

55 1076 240 1146 constituti,
268 1085 368 1148 postea
394 1077 452 1131 nati
479 1087 552 1133 suot.
590 1078 664 1133 cirea
691 1078 837 1153 adoptivos
863 1091 956 1136 autem
976 1081 1047 1136 filios

59 1160 185 1206 certam
205 1150 364 1205 induximus
385 1149 566 1221 divisionem,
587 1169 659 1227 quae
680 1153 869 1210 constitutioni
888 1165 999 1210 nostrae
1011 1150 1048 1242 ο),

59 1241 165 1300 quam
191 1241 277 1298 super
304 1223 442 1299 adoptivis
471 1225 598 1296 tulimus,
632 1226 834 1300 continetur⁷).
864 1227 944 1284 'Sed
970 1229 993 1284 si
1019 1235 1076 1284 mo

63 1297 262 1372 expeditione
283 1308 435 1372 occupatus
457 1299 536 1353 miles
556 1307 753 1355 testamentum
772 1299 872 1371 saciat,
899 1311 927 1357 et
947 1303 1048 1358 liberos

64 1390 144 1428 suos
167 1371 222 1425 iarn
243 1383 323 1426 natos
342 1372 384 1428 vel
405 1379 551 1446 postumus
573 1373 735 1429 nominatim
752 1393 808 1429 nou
825 1375 1047 1447 exheredaverit,

63 1444 129 1502 sed
150 1446 260 1501 silentio
281 1445 472 1520 praeterierit,
496 1464 553 1502 non
575 1447 722 1520 ignoraus,
750 1466 785 1503 au
807 1448 911 1504 haheat
930 1449 1047 1518 liberos,

65 1519 219 1575 silentium
251 1519 310 1575 eius
337 1538 390 1594 pro
416 1519 636 1577 exheretlatioue
663 1521 825 1577 nominatim
850 1522 926 1578 sacta
945 1524 1049 1588 valere,

65 1594 323 1650 constitutionibus
337 1593 495 1668 principum
511 1603 622 1650 cautum
638 1606 680 1651 est
690 1597 727 1669 ⁸).
755 1595 849 1652 Mater
857 1597 901 1653 vel
911 1615 977 1653 avus
986 1603 1075 1654 ma-‘t

67 1679 175 1724 ternus
191 1685 303 1722 necesse
317 1686 375 1724 non
388 1667 494 1722 habent
507 1668 608 1724 liberos
622 1687 687 1724 suos
701 1678 749 1724 aut
763 1670 881 1726 heredes
893 1672 1046 1742 instituere,

68 1751 128 1797 aut
149 1741 345 1812 exheredare,
369 1741 419 1796 sed
444 1751 559 1815 possunt
578 1759 627 1797 eos
649 1743 786 1798 omittere.
824 1761 889 1799 nam
909 1746 1047 1801 silentium

68 1815 176 1872 matris
196 1824 244 1869 aut
265 1815 309 1870 avi
327 1816 444 1870 materni
465 1825 676 1890 ceterorumque
694 1834 745 1889 per
759 1826 876 1872 matrem
892 1819 1048 1875 ascendeu-

69 1891 149 1944 tium
166 1899 273 1944 tautum
289 1888 366 1960 facit,
386 1899 520 1965 quantum
541 1889 723 1945 exheredatio
744 1891 839 1964 patris.
861 1893 1048 1966 nequeenim

67 1963 164 2018 matri
184 1962 268 2018 filium
286 1961 417 2034 filiamve,
437 1981 473 2018 ne
495 1981 529 2019 ue
546 1981 597 2018 avo
613 1973 740 2018 materno
754 1973 885 2038 nepotem
899 1975 1048 2040 neptemve

65 2056 114 2094 ex
137 2036 210 2109 filia,
237 2037 261 2091 si
280 2055 344 2092 eum
364 2055 461 2094 eamve
475 1982 616 2092 heredem
636 2056 693 2092 non
712 2038 852 2105 instituat,
873 2038 1048 2095 exheredare
1088 2043 1091 2077 l

69 2128 196 2166 necesse
216 2121 278 2183 est,
304 2111 361 2167 sive
382 2110 418 2166 de
437 2111 497 2166 iure
518 2111 588 2167 cirili
608 2129 792 2185 quaeramus,
821 2111 878 2168 sive
899 2112 935 2168 de
955 2112 1047 2168 edicto

69 2184 237 2260 praetoris,
269 2203 326 2260 quo
353 2185 510 2259 praeteritis
537 2184 630 2240 liberis
654 2195 750 2241 contra
775 2185 884 2240 tabulas
911 2187 1048 2242 honorum

71 2258 283 2334 possessionem
304 2259 448 2332 promittit.
469 2259 518 2314 sed
539 2259 614 2314 aliud
635 2260 675 2314 eis
695 2259 891 2314 adminiculum
912 2270 1048 2334 servatur,

68 2333 158 2408 quod
179 2333 262 2407 paulo
283 2344 346 2406 post
364 2333 440 2388 vohis
457 2332 633 2388 manifestum
656 2331 750 2406 fietl).

235 2502 430 2556 urrunus
459 2505 655 2557 uncinus
685 2504 895 2566 (iuraras

143 2603 254 2680 ¹)DE
289 2603 578 2668 HEREDIBUS
614 2602 994 2672 lNSTtTUENDlS.

139 2727 266 2785 Heredes
282 2729 426 2785 instituere
446 2729 609 2804 permissum
630 2739 687 2801 est,
706 2740 763 2784 tam
784 2729 886 2785 liberos
904 2729 1090 2799 homines,Pr·

71 2819 167 2879 quarn
193 2820 308 2875 servos,
337 2814 364 2858 et
389 2813 446 2858 tam
470 2803 616 2878 proprios,
643 2821 726 2877 quam
751 2803 864 2859 alienos.
915 2801 1049 2877 Proprius

73 2887 176 2934 autern
209 2877 275 2932 olim
303 2877 433 2952 quidem,
465 2875 618 2932 secuudum
645 2877 764 2950 plurium
792 2876 960 2944 sententias,
991 2893 1049 2931 nou

76 2950 180 3023 aliter,
200 2968 284 3025 quam
305 2969 366 3006 cum
388 2951 534 3021 libertate,
558 2960 633 3006 recte
652 2951 797 3005 instituere
815 2950 925 3006 licebat.
963 2948 1049 3006 hodie

77 3042 149 3081 vero
169 3026 253 3080 etiam
274 3025 333 3080 siue
354 3026 497 3094 libertate,
521 3043 557 3080 ex
579 3034 672 3079 nostra
691 3025 904 3096 constitutione,
930 3023 1049 3080 heredes

76 3117 132 3156 eos
141 3099 285 3155 instituere
295 3100 459 3174 permissum
474 3109 525 3154 est.
539 3097 615 3172 quod
625 3116 680 3153 non
690 3098 954 3173 perinnovationem
965 3097 1050 3154 indu-

77 3174 183 3244 ximus,
199 3172 250 3228 sed
269 3175 401 3245 quoniam
421 3184 449 3229 et
459 3170 484 3247 ⁸)
506 3191 539 3228 aa
562 3172 622 3226 uius
642 3183 711 3243 erat,
731 3181 759 3228 et
773 3172 900 3230 Atilicino
913 3173 1050 3248 placuisse

75 3246 186 3303 Paulus
199 3247 255 3302 suis
270 3246 354 3320 libris,
377 3266 447 3323 quos
461 3255 517 3302 tam
532 3190 569 3302 ah
581 3245 734 3302 lilasurium
749 3245 894 3320 Sabinum,
915 3263 997 3321 quam
1013 3243 1051 3299 nd

141 3407 163 3457 e)
177 3407 342 3450 constitutione
356 3407 444 3448 nostro.

141 3466 165 3514 a)
182 3461 228 3505 dei.
243 3465 272 3506 et.

112 3585 177 3636 nc.
199 3589 221 3630 tr.
243 3585 298 3630 ht.
318 3607 346 3617 —
372 3585 398 3630 C.
420 3587 449 3629 de
471 3585 552 3638 adopt.
586 3585 609 3629 t.
624 3587 641 3628 1.
656 3584 677 3628 4.
693 3583 717 3639 S.
734 3584 816 3638 tado
831 3581 894 3627 inotl.
910 3584 965 3626 test.
981 3581 1008 3636 V,
1027 3582 1049 3628 ἱ.

80 3641 289 3694 virulento.
312 3664 340 3675 -
368 3642 551 3695 monetent.
585 3642 601 3686 1.
617 3641 655 3685 2⁷.
671 3640 695 3694 s.
710 3639 726 3685 l.
740 3640 757 3683 l.
771 3639 809 3684 ΞΒ.
1004 3693 1009 3703 ‚

79 3699 133 3744 mit.
149 3699 233 3752 XXIX,
253 3699 392 3742 t.1.a.ao.
408 3699 433 3750 s.
446 3698 467 3742 ἱ.
484 3699 500 3741 t.
512 3698 551 3744 ³6.
615 3699 638 3747 t)
654 3695 704 3742 cal.
724 3698 760 3752 11,
779 3693 923 3739 teo...19tt.
953 3693 1050 3746 [Ituran.

84 3756 148 3808 Μ.
179 3753 446 3809 C.eod.V1‚21.l.9
470 3753 505 3797 to.
523 3778 551 3788 -
585 3755 657 3798 XXII.
673 3753 702 3796 l).
716 3752 745 3796 tte
760 3753 841 3796 hereti.
857 3750 930 3796 instit.
942 3751 1049 3806 XXVllt,

80 3811 109 3862 9)
123 3813 151 3855 Ι).
165 3811 194 3854 de
210 3813 364 3865 homousiae.
374 3810 548 3866 tahxxllvll,
584 3811 608 3854 d.
624 3809 650 3854 C.
665 3810 717 3854 eod.
732 3810 774 3863 vt,
790 3809 827 3855 at.
