2516 4328
18 295 205 354 lusutrur.
229 291 278 350 Do
290 310 318 350 o.
328 309 377 360 on.
387 309 431 352 u
440 309 550 352 conco.
559 294 675 364 111,u⁷.
685 298 762 370 (48.)
774 291 917 375 §.o-»z
954 297 1022 358 15³

20 455 176 533 puprllus
196 473 263 511 cum*
277 461 369 512 tutore
388 455 482 513 lrabet·
492 459 595 515 tutelae
611 447 768 532 actionem
788 458 838 514 sed
854 467 883 516 et
898 477 933 516 ex
947 472 1024 516 con:

21 531 140 588 trario
168 539 244 585 tutor
265 547 327 584 curu
352 531 458 604 pupillo
481 530 568 588 hebet
590 533 757 588 contrariam
779 531 900 601 tutelae,
928 534 951 589 si
972 535 1019 589 vel

24 603 222 679 impenderit
243 601 347 677 aliquid
368 603 396 658 in
421 623 479 660 rem
505 624 541 680 pu
564 603 616 676 illi,
645 603 687 660 vel
709 624 760 680 pro
782 624 817 662 eo
839 605 923 664 suerit
943 607 1017 662 obli-

26 689 149 752 gatue,
172 686 221 735 eut
239 693 298 744 rem
319 693 397 734 suern
418 678 550 736 creditore
570 678 633 736 eius
650 677 860 767 obligaveritil.
909 677 1047 754 ⁵)1teme

26 752 63 808 ιὶ
89 751 169 807 inter
188 750 296 878 ulitpuos
314 752 468 808 communie
482 753 517 810 sit
531 771 577 810 ree
589 751 650 808 sine
664 764 818 827 societate,
840 749 923 810 &eluti
939 755 1015 841 qnod

26 824 160 900 pariter
178 825 219 882 eis
244 832 328 898 egutu
344 821 484 882 donetuve
501 835 596 896 esset,
616 834 645 880 et
658 825 729 883 alter
744 844 840 887 eorum
856 827 935 886 elteri
950 828 1016 884 rdeo

29 907 184 955 teneatur
201 896 341 953 communi
360 897 512 955 dividundo
531 898 650 970 iudicio,
670 900 747 974 quod
765 902 839 958 solus
855 901 960 957 fructus
979 920 1016 958 ex

31 989 83 1029 ea
105 989 139 1029 re
158 971 334 1046 perceperit,
361 982 410 1028 aut
430 973 505 1059 quod
524 973 617 1030 socius
638 973 697 1028 eius
716 974 745 1032 in
765 991 829 1032 eum
847 977 944 1050 retur)
964 993 1017 1030 ne·

32 1045 187 1103 cessarint
206 1045 347 1120 impensus
364 1044 479 1104 secent:
502 1065 558 1103 non
578 1045 748 1120 intellegitur
764 1049 878 1124 proprie
894 1066 930 1105 ex
946 1067 1018 1104 con-

32 1129 144 1175 tractu
171 1118 310 1192 obligatus
330 1135 391 1175 esse
417 1119 537 1208 (quippe
555 1118 623 1175 nihil
642 1119 715 1176 inter
734 1137 765 1177 se
782 1121 1016 1195 contruxeruutl3

34 1191 119 1264 sed,
149 1191 215 1267 quio
243 1210 298 1247 uon
325 1209 361 1248 ex
387 1193 525 1249 meleficto
551 1201 677 1266 tenetur,
704 1195 784 1269 queri
810 1211 846 1252 ert
872 1206 1017 1251 contractu

37 1266 142 1322 teneri
171 1264 288 1322 videtur.
335 1265 412 1321 Idem
438 1268 505 1324 iuris
530 1276 574 1323 est
601 1266 637 1322 de
665 1283 716 1340 eo,
742 1268 789 1355 qui
814 1268 945 1326 coheredi
964 1284 1045 1328 suos

37 1339 177 1395 familiae
208 1338 390 1395 erciscundae
423 1340 526 1397 iudicio
552 1357 589 1398 ex
614 1339 657 1395 ltis
683 1358 773 1397 cauete
800 1342 938 1417 obligatus
964 1353 1014 1398 eet.

38 1413 143 1469 Heres
165 1429 278 1488 quoque
303 1414 457 1486 legatorum
478 1415 590 1472 numine
608 1431 663 1469 non
684 1415 799 1491 proprie
818 1433 855 1472 ex
871 1425 1046 1476 contractus

40 1486 191 1560 obligatus
207 1484 377 1560 intellegitur
396 1489 502 1563 (neque
521 1488 595 1544 enim
617 1505 679 1543 cum
699 1487 822 1562 herede,
843 1505 936 1564 neque
953 1507 1015 1544 cnm

42 1559 187 1616 defuncto
217 1560 302 1617 nilum
328 1562 471 1635 negotium
499 1560 650 1637 legatarius
677 1562 795 1635 gessisse
821 1563 935 1639 proprie
961 1562 1016 1617 dici

68 1629 178 1710 otest):
207 1644 235 1690 et
260 1642 370 1705 temen,
398 1635 463 1710 quie
490 1652 526 1690 ex
555 1633 693 1690 maleficio
718 1653 777 1692 non
806 1645 848 1692 est
875 1637 1015 1711 obligatus

42 1654 136 1764 fleres
147 1749 159 1794 ,.
173 1707 252 1782 quasi
268 1725 304 1763 ex
319 1717 462 1764 contractu
477 1707 583 1764 debere
603 1707 772 1782 intellegitur
783 1704 820 1796 ⁶).
861 1710 965 1783 ⁷)ltetn
982 1711 1045 1781 is‚6

46 1783 96 1839 cui
113 1799 174 1857 quts
189 1798 241 1856 per
256 1797 380 1838 errorem
395 1800 451 1837 non
467 1781 593 1838 debiturn
609 1780 704 1852 solvit,
724 1797 804 1856 quau
819 1799 855 1838 ex
871 1794 1019 1839 contractu·

46 1855 159 1911 debere
180 1854 295 1910 videtur.
316 1854 389 1912 adeo
409 1856 484 1911 enim
500 1874 557 1912 oon
576 1854 747 1928 intellegitur
765 1855 880 1931 proprie
896 1873 930 1912 ex
946 1875 1016 1912 con-

46 1938 143 1984 tractu
159 1927 313 2002 obligatus,
336 1938 374 2001 ut,
396 1929 418 1984 si
434 1929 581 1985 certiorem
596 1927 732 1985 rationem
747 1945 907 2003 sequemur,
928 1932 1017 2002 magis

48 2003 98 2131 gut
118 2019 203 2076 supra
223 2002 358 2075 diximus)
377 2019 413 2058 ex
432 2003 583 2070 distractu,
608 2018 692 2076 qutun
712 2018 748 2057 ex
767 2010 911 2057 contractu
929 2003 1017 2076 possit

71 2076 108 2132 ici
128 2075 267 2205 obligatus
285 2093 363 2148 esse;
383 2093 447 2132 narn
467 2077 515 2152 qui
533 2074 657 2132 solvendi
678 2074 772 2134 animo
792 2074 941 2150 pecuniam
957 2074 1015 2145 dar,

47 2151 80 2205 in
103 2148 158 2204 hoc
199 2165 248 2205 are
273 2149 401 2222 videtur,
429 2159 458 2206 ut
477 2150 614 2206 distrahet
631 2148 725 2224 potius
743 2148 904 2222 negotium,
931 2166 1015 2224 quum

48 2221 208 2279 contrairet.
245 2222 294 2279 sed
323 2227 425 2280 tamen
443 2223 561 2299 perinde
586 2223 626 2293 ie,
652 2222 700 2296 qui
720 2223 846 2298 accepit,
866 2222 1015 2297 obligatur,

50 2297 110 2352 acsi
128 2307 253 2352 mutuum
274 2296 311 2352 illi
331 2297 467 2368 deretur,
491 2307 520 2354 et
538 2297 603 2353 ideo
621 2294 798 2352 condictione
812 2305 931 2352 tenetur.
970 2295 1042 2352 Exn

50 2370 218 2446 quibusdum
239 2379 332 2426 temen
353 2370 441 2426 causis
461 2372 550 2446 repeti
569 2385 627 2425 non
645 2379 755 2446 potest,
775 2367 851 2444 quod
869 2387 922 2446 per
935 2387 1016 2427 erro-

50 2459 114 2500 rem
133 2461 189 2500 non
210 2443 335 2500 debitum
354 2444 474 2500 solutum
493 2446 537 2502 sit.
574 2439 728 2518 nemquef)
749 2442 918 2500 definierunt
937 2453 1016 2500 rete-

51 2535 116 2586 res,
135 2533 170 2574 ec
188 2515 280 2593 pillos
298 2519 387 2575 courir
403 2515 544 2590 infitiando
562 2517 597 2574 lie
616 2515 724 2586 unxit,
743 2534 779 2574 so
796 2515 838 2575 tu
856 2520 944 2576 cuneis
962 2534 1018 2574 nou

52 2589 169 2648 eleiittun
193 2589 307 2647 sulutem
333 2593 416 2666 repeti
442 2609 496 2648 uon
518 2607 612 2668 poree,
637 2589 723 2646 veluti
749 2608 786 2648 ex
812 2591 875 2668 lege
895 2595 916 2646 A
940 2591 1018 2661 uilia,

51 2666 120 2720 item
138 2681 174 2720 ex
195 2663 298 2738 legato.
335 2664 411 2739 quod
432 2676 539 2721 veteres
561 2664 675 2741 quidem
695 2664 722 2722 in
741 2664 784 2720 his
805 2664 905 2738 legetis
952 2683 1015 2720 curu

53 2737 159 2794 lteberc
172 2737 336 2810 voluerunt,
357 2755 430 2813 quae
452 2748 528 2795 certe
548 2738 714 2809 constituto,
733 2754 786 2812 per
804 2737 1017 2793 damnationem

53 2811 226 2886 cuicumque·
241 2809 353 2867 fuerunt
380 2811 489 2884 legate:
516 2821 611 2867 nostre
637 2819 731 2866 autem
750 2810 928 2876 constitutio,
952 2825 1018 2864 cum

55 2903 138 2941 uuam
163 2893 290 2940 naturum
317 2885 446 2942 omuibus
473 2885 572 2958 legetis
597 2893 626 2941 et
650 2881 869 2940 fideicommissis
894 2881 1018 2949 indulsit,

53 2957 212 3014 huiusmodi
233 2967 413 3034 augmentum
436 2958 465 3015 in
484 2958 613 3014 omnibus
631 2955 730 3030 legetis
749 2964 779 3014 et
795 2955 1017 3022 fideicommissis

55 3032 167 3089 extendi
192 3033 293 3107 voluit3
319 3031 369 3089 eed
396 3049 453 3088 non
480 3032 608 3090 omnibus
631 3029 773 3106 legatariis
793 3030 939 3106 praebuit,
963 3029 1016 3086 red

56 3105 245 3161 tantummodo
272 3105 300 3160 in
326 3105 368 3162 his
393 3105 492 3180 legatis
512 3114 542 3162 et
559 3101 797 3174 fideicommirsie,
822 3122 896 3182 quae
918 3121 1014 3162 sacro-

55 3179 154 3236 sanctis
167 3179 290 3236 ecclesiis
305 3178 460 3256 ceterisque
474 3179 677 3237 venerabilibus
692 3178 769 3250 locis,
787 3196 860 3255 quoe
874 3178 1017 3253 religionis

100 3388 365 3441 ,elmosten-
393 3386 498 3441 nucu.

84 3525 148 3578 ll'll.
163 3527 193 3572 tte
211 3530 256 3573 tut.
276 3531 301 3574 et
318 3531 365 3574 ret.
385 3527 452 3574 distr.
472 3527 518 3572 ert
552 3525 599 3582 m,
614 3527 654 3572 88.
670 3547 698 3558 -
726 3527 751 3578 6)
765 3525 794 3570 li.
810 3523 873 3580 quit.
890 3533 921 3568 ex
935 3523 1018 3567 rudeis

58 3583 517 3639 nvu,u.;oecontr.tut.ect.xxv11‚
552 3581 624 3637 Xth,
641 3580 664 3625 4.
679 3583 696 3626 1.
711 3581 734 3625 θ,
750 3580 773 3635 s.
789 3579 804 3624 l.
821 3583 837 3624 l.
853 3581 875 3624 4.
892 3603 919 3612 -
948 3579 972 3630 t)
986 3580 1017 3622 ll'.

57 3641 81 3684 4.
95 3661 120 3674 -
146 3643 170 3693 o)
185 3642 214 3685 Ι).
230 3641 349 3686 eommunl
369 3640 460 3695 ttvtt.;
480 3639 519 3683 tu·
553 3638 583 3682 tle
598 3637 698 3682 contltct.
714 3635 791 3680 lueet.
805 3636 892 3690 ΧΗ.
921 3635 948 3679 v.
964 3635 1017 3680 eorl.

59 3697 105 3741 ull.
120 3697 199 3741 erens.
215 3699 244 3751 Χ,
253 3700 276 3752 tl,
286 3698 307 3741 t.
329 3698 355 3741 c.
371 3707 452 3740 eornm.
468 3695 517 3739 dlv.
552 3695 594 3748 1v,
603 3697 626 3738 o.
647 3697 665 3739 1.
679 3692 741 3747 nult.
754 3691 831 3736 modis
846 3703 873 3736 rc
887 3696 961 3736 contr.
974 3693 1017 3747 ΙΙΙ,

58 3754 98 3806 tu,
112 3754 160 3809 :lm
182 3753 315 3798 communie
331 3753 455 3806 utriusque
470 3751 517 3796 lud.
553 3751 653 3804 litto).
667 3751 692 3806 s.
706 3752 727 3794 t.
