2566 4344
212 379 362 440 lusrrruv.
390 378 438 439 Da
454 397 639 440 acerrumus
654 381 708 452 tv,
722 387 752 440 o.
770 381 802 466 ξ.
814 387 937 441 o-tt.
987 383 1051 449 1⁷3

74 549 191 605 uacua,
226 532 301 590 iussa
335 542 378 592 est
411 550 473 587 eum
506 549 556 588 sua
583 529 748 588 auctoritate
773 549 790 588 a
816 533 915 590 nostris
941 533 1050 610 legibus

79 606 230 664 recedere.
268 607 337 664 Item
363 616 478 682 praetor
499 607 646 681 proposuit
655 602 688 680 ι)
713 604 750 662 de
776 607 883 681 peculio
905 625 1048 666 servorum

80 681 265 756 ‘liliorumque
291 680 430 752 familias,
460 688 542 736 etex
566 697 622 754 qua
641 680 801 754 quaeritur,
821 697 856 737 nn
876 692 955 738 actor
973 682 1051 739 iura-

84 755 179 826 verit,
199 766 228 810 et
246 755 315 811 alias
334 754 493 829 complures
505 757 556 820 ¹²).
592 753 635 809 De
655 754 773 827 pecunia
790 756 885 812 autem
901 757 1079 814 constitutae

80 848 151 885 cum
178 829 307 885 omuibus
332 830 441 900 agitur,
467 826 635 956 quicumpue
658 831 700 883 vel
722 846 772 902 pro
797 847 828 885 se
848 829 891 886 rel
918 848 968 904 pro
995 831 1050 886 alio

82 903 241 958 soluturum
271 920 302 959 se
323 903 515 971 constituent,
545 902 621 956 nula
641 901 745 958 scilicet
763 901 942 978 stipulatione
961 905 1050 960 iuter-

86 976 188 1051 posita.
226 993 292 1032 nam
317 975 455 1051 alioquin,
480 974 504 1029 si
528 975 673 1048 stipulanti
693 975 872 1050 promiserit,
900 979 960 1035 iure
979 978 1051 1036 civili

83 1053 264 1124 teneturss).
307 1052 438 1106 Actiones
457 1057 550 1104 autem
571 1048 607 1104 de
627 1049 737 1123 peculio
758 1049 822 1105 ideo
844 1051 977 1108 adversus
996 1064 1094 1128 pa-‘ttt

81 1135 159 1180 trem
178 1125 357 1180 dominumve
376 1122 549 1196 comparavit
570 1132 707 1197 praetor,
735 1123 815 1198 quia,
843 1123 907 1182 licet
926 1144 962 1180 ex
982 1145 1052 1182 con-

82 1207 179 1254 tractu
196 1197 315 1254 liliorum
335 1213 512 1254 nervorumve
528 1196 588 1270 ipso
604 1196 665 1252 iure
681 1215 736 1252 nou
754 1207 909 1270 teneantur,
929 1218 1049 1275 aequum

76 1281 182 1328 tamen
209 1281 268 1341 cst,
301 1272 410 1346 peculio
438 1281 535 1342 tenus,
571 1269 647 1345 qnod
675 1270 758 1327 veluti
784 1271 981 1346 patrimonium
1009 1282 1051 1330 est

78 1345 215 1402 filiorum·
233 1344 425 1421 filiarumque,
450 1344 517 1399 item
543 1361 704 1413 serrorum,
729 1345 911 1402 condemnari
936 1348 1050 1417 eos¹⁴).

83 1419 160 1475 Item
188 1419 210 1474 si
239 1419 300 1495 quis
325 1420 484 1495 postulante
508 1416 669 1474 adversario
697 1418 847 1488 iuraverit,
873 1419 970 1476 deberi
998 1421 1090 1477 sibili

79 1494 253 1568 pecuniam,
275 1512 359 1580 quam
382 1502 504 1568 peteret,
525 1509 617 1568 neque
633 1492 660 1548 ei
679 1491 816 1563 solvatur,
836 1494 983 1552 iustissime
1000 1513 1050 1552 ac-

82 1567 248 1624 commodat
268 1583 294 1622 er
314 1569 397 1624 talem
417 1567 572 1638 actionem,
599 1582 652 1640 per
670 1585 753 1641 quam
775 1585 830 1623 non
850 1567 917 1624 illud
937 1570 1051 1645 quaeri-

81 1652 150 1712 tur,
177 1659 211 1697 an
232 1640 258 1697 ei
279 1642 399 1716 pecunia
418 1640 571 1707 debentur,
597 1639 648 1694 sed
669 1656 706 1694 an
727 1640 859 1697 iuraverit
872 1643 924 1715 ¹⁵).
975 1641 1050 1699 Poe·
1063 1653 1092 1696 ts

81 1715 166 1772 nales
191 1732 303 1791 quoque
331 1715 453 1773 actiones
477 1707 586 1787 beoe¹)
614 1711 713 1768 multas
738 1731 774 1770 ex
793 1731 843 1769 sua
861 1715 1049 1776 iurisdictione

82 1789 259 1846 introduxit:
293 1789 376 1846 veluti
405 1788 537 1844 adversus
564 1804 647 1855 eum,
674 1785 721 1862 qui
746 1787 814 1916 epid
840 1804 876 1843 ex
900 1790 964 1845 albo
990 1793 1050 1848 eius

79 1864 272 1938 corrupisset3
291 1871 320 1918 et
337 1863 365 1919 ιιι
385 1881 466 1935 eum,
492 1860 540 1936 qui
560 1870 709 1936 patronum
730 1879 763 1917 re
793 1873 938 1938 parentem
959 1864 987 1919 ιιι
1007 1865 1049 1922 ius

83 1947 230 2010 vocasset,
265 1941 327 1992 curis
353 1937 382 1993 id
409 1955 465 1992 non
493 1935 686 2009 impetrasset3
721 1934 788 1991 item
814 1935 946 1992 adversus
975 1955 1048 2010 eum,

82 2010 135 2085 qui
162 2011 186 2065 vi
213 2011 349 2066 exemerit
374 2029 457 2079 enm,
483 2009 531 2084 qui
555 2008 584 2064 in
604 2008 646 2065 ius
666 2018 829 2082 vocaretur,
855 2009 966 2066 cuiusve
984 2011 1050 2067 dolo

82 2085 157 2139 alius
176 2085 328 2157 exemerim
355 2095 384 2140 et
409 2084 478 2141 alias
504 2081 785 2158 innumerabiles¹⁶).
832 2081 1049 2142 Praeiudiciales
1062 2101 1094 2147 13

82 2158 211 2214 actiones
230 2158 258 2214 in
278 2177 336 2214 rem
353 2176 413 2214 esse
433 2157 580 2229 ridentur,
601 2158 698 2232 quales
712 2168 791 2228 sunt,
802 2174 862 2288 per
874 2176 942 2233 quas
960 2176 1049 2234 quae-

81 2232 173 2302 ritur,
197 2250 232 2288 an
253 2232 352 2307 aliquis
368 2232 454 2303 liber,
474 2230 517 2287 vel
535 2230 651 2288 libertus
670 2231 722 2300 sit,
741 2231 782 2288 vel
823 2248 839 2286 e
859 2243 939 2306 partu
959 2251 1050 2307 agno-

82 2305 200 2361 scendo.
238 2323 274 2362 ex
301 2306 401 2381 quibus
426 2305 487 2362 sere
509 2321 565 2360 una
585 2305 632 2360 illa
652 2303 804 2380 legitimam
823 2323 934 2361 causam
954 2306 1048 2378 habet,

82 2396 241 2455 perquam
258 2380 416 2455 quaeritur,
442 2395 478 2435 an
496 2377 595 2454 aliquis
612 2378 683 2435 liber
701 2379 752 2452 sit3
779 2389 889 2436 ceterae
910 2398 945 2436 ex
963 2380 1049 2453 ipsius

82 2453 224 2528 praetoris
249 2452 438 2509 iurisdictione
463 2452 644 2509 substantiam
673 2449 854 2528 capiunt¹⁷).
872 2487 910 2496 —
951 2454 1093 2528 ¹⁸)sicrs

82 2529 182 2602 itaque
203 2526 328 2583 discretis
344 2528 519 2599 actionibus,
541 2536 646 2583 certum
668 2537 725 2597 est,
745 2545 804 2582 uon
823 2545 906 2602 posse
926 2540 1048 2584 actorem

83 2619 252 2662 remmam
278 2603 316 2657 ita
337 2603 374 2657 ab
393 2601 486 2676 aliquo
504 2611 617 2675 petere,
642 2601 668 2656 ιι
685 2606 776 2675 paret,
803 2619 863 2657 eum
883 2601 949 2658 dore
968 2619 1049 2678 opor-

82 2683 158 2731 tere:
179 2693 230 2731 nec
249 2676 339 2746 enim,
362 2675 437 2750 quod
457 2675 557 2730 actoris
578 2683 635 2742 est,
654 2673 682 2728 id
702 2673 809 2730 cidari
829 2685 962 2749 oportet,
983 2676 1050 2750 quia

83 2749 191 2804 scilicet
217 2749 278 2804 deri
302 2748 431 2824 cuiquam
457 2747 485 2803 id
512 2747 697 2820 intellegitur,
726 2746 802 2822 quod
829 2749 867 2802 ita
894 2746 993 2818 datur,
1020 2756 1050 2804 ut

84 2823 148 2878 eius
168 2821 233 2895 fiat3
263 2839 315 2878 nec
334 2841 395 2891 res,
440 2839 493 2878 uae
517 2822 572 2876 iam
596 2821 697 2875 actoris
714 2829 771 2890 est,
799 2821 888 2893 magis
908 2821 968 2875 eius
988 2819 1050 2875 lieri

84 2905 188 2969 potest.
226 2896 309 2971 plane
336 2897 401 2952 odio
420 2841 535 2964 (lurum,
566 2912 622 2969 quo
641 2892 730 2965 magis
752 2892 875 2966 pluribus
894 2892 1049 2951 actionibus

83 2979 252 3040 teneantur,
273 2968 402 3026 effectum
424 2980 486 3039 est,
509 2979 553 3037 ut,
574 2977 653 3023 extra
673 2984 794 3041 poenam
813 2966 892 3096 dupli
910 2978 957 3022 aut
977 2973 1049 3054 quo-

82 3043 203 3118 drupli,
233 3046 273 3100 rei
304 3043 482 3118 recipiendae
509 3041 622 3096 nomine
646 3041 723 3096 iures
748 3039 831 3096 etiam
879 3057 916 3096 ae
938 3051 1049 3098 actione

82 3127 250 3190 tencantur,
268 3119 294 3174 ιι
311 3125 402 3194 paret,
423 3133 467 3174 eos
485 3114 708 3200 doraopottero,
730 3113 854 3188 quamvis
869 3115 903 3171 sit
917 3115 1049 3172 adversus

82 3210 136 3247 eos
162 3191 246 3247 etiam
272 3191 343 3248 haee
368 3192 395 3246 in
422 3209 480 3246 rem
509 3197 601 3256 actuo,
625 3207 677 3263 per
701 3205 784 3264 quam
809 3208 868 3245 rem
890 3207 968 3248 suam
988 3190 1050 3264 quis

142 3386 175 3436 m)
188 3395 212 3437 ρ.
227 3385 347 3430 actionem.
364 3405 392 3416 -
420 3384 444 3434 ιι)
459 3391 548 3434 nosue,
564 3379 611 3424 det.

114 3508 155 3558 12)
166 3506 193 3552 (ι.
208 3507 238 3550 de
253 3504 490 3559 consumamto.
505 3505 552 3549 ιι.
587 3514 666 3557 nocua
685 3506 775 3549 temere
795 3502 856 3556 tute.
870 3503 911 3556 lv,
928 3502 964 3547 ta.
986 3501 1010 3556 S.
1024 3502 1049 3546 θ.

84 3584 114 3597 -
140 3565 177 3615 va)
192 3561 243 3608 Cui.
259 3564 299 3618 lv,
319 3563 371 3606 tat.
399 3561 468 3606 Paul.
490 3564 552 3606 seut.
586 3581 615 3594 -
639 3559 675 3611 tt)
690 3559 741 3604 Cel.
760 3560 801 3614 tv,
823 3559 861 3602 ⁴4.
890 3558 986 3611 Victor,
1007 3567 1050 3602 ars

83 3623 120 3676 11,
137 3620 159 3663 2.
188 3619 217 3663 Ι).
239 3619 270 3662 tte
288 3622 364 3663 coust.
379 3629 429 3671 pce.
445 3615 514 3671 xut,
528 3619 552 3661 a.
586 3617 791 3669 rhetor‚11,o.-
806 3615 834 3658 n.
849 3615 1051 3659 tortuosorum

84 3675 336 3727 cerumta-
367 3675 405 3725 tr)
421 3675 449 3718 1).
464 3673 495 3717 tte
509 3684 553 3726 pe·
587 3675 641 3725 XL,
659 3673 711 3726 ts.;
733 3671 754 3715 ιι
776 3671 876 3716 ttneuns
898 3671 976 3720 turen
998 3671 1048 3726 XL,

84 3732 149 3775 cutio
161 3732 213 3788 xv,
228 3733 248 3776 t.
263 3753 292 3764 -
314 3733 352 3782 ¹5)
366 3731 395 3773 1).
411 3729 440 3773 tle
456 3727 552 3774 tutetur.
588 3729 640 3784 143
654 3729 685 3773 tte
699 3739 794 3780 agnose.
809 3725 891 3771 ttoertv
903 3726 1006 3778 xxm.
1021 3747 1050 3758 --

84 3789 138 3842 xil,
155 3788 177 3832 ι.
192 3809 221 3821 -
252 3789 290 3839 tot
304 3789 334 3833 1).
349 3787 380 3830 tle
395 3785 552 3840 terremotu,
586 3786 640 3830 ιιι.
653 3787 693 3836 ut,
705 3786 744 3830 44.
762 3779 795 3830 ι).
810 3784 840 3828 tle
851 3783 909 3838 our,
924 3781 983 3828 iuris
994 3783 1012 3835 l,
1026 3782 1049 3826 2.

85 3845 139 3888 Μ.
155 3843 194 3901 7.;
209 3844 308 3899 nequis
323 3853 377 3889 eum
391 3845 421 3900 11,
438 3841 459 3886 t.
488 3843 507 3887 t.
523 3841 553 3885 tle
586 3843 632 3886 Η.
648 3839 718 3899 SM.
733 3865 761 3876 -·
791 3842 828 3892 ¹8)
843 3839 948 3897 Cal.lv‚
963 3839 1051 3892 lsqq.
