2548 4342
38 343 199 403 tuemur
222 339 556 423 Beneuentanum,
569 349 618 405 ta.
628 306 712 424 (90.)
725 343 757 428 fl.
768 351 899 407 tn-sa.
945 347 1010 414 139

38 489 173 545 tentiosis
194 489 353 545 horninibus
376 491 553 563 praertabat,
573 490 648 548 forte
667 500 732 567 post
746 500 857 567 tempus
876 494 945 550 tales
963 496 1014 553 ol-,

41 563 202 619 levationes
222 563 445 638 opponentibus,
466 575 495 620 et
514 581 572 620 non
592 575 755 640 praesentes
774 584 836 624 esse
853 566 896 623 vel
913 585 944 624 se
962 569 1006 626 uel

37 656 60 693 a
85 635 223 692 ner-sarias
254 655 318 691 suos
351 636 601 696 contendentibus:
632 638 698 696 ideo
726 647 821 696 nostra
845 640 1008 698 constitutio

40 717 166 785 propter
196 709 366 765 celeritatem
396 709 615 768 dirimendarum
647 711 735 768 litiarn
767 711 925 770 introducta
953 725 1006 787 eat,

39 801 134 914 paam
167 781 205 840 ad
228 781 426 840 Caesarienses
456 783 608 840 aduocatos
633 785 811 860 scripsimus,
844 803 896 860 per
920 804 1005 861 quarn

65 860 89 911 is
111 856 255 926 asaiam,
289 857 358 911 talea
384 856 551 932 scripturas,
582 861 656 931 quae
681 867 799 932 praesto
822 876 883 916 esre
911 869 1011 934 partes·

41 933 75 986 iu
97 932 187 1002 icant,
209 929 370 985 omnimodo
392 929 646 1002 enarradarum,
669 931 722 988 nisi
737 931 819 1018 ipre,
839 932 887 1006 qui
905 933 1006 990 talibus

40 1004 135 1060 utitur
160 1001 296 1078 improbis
321 1002 550 1075 allegationibus,
578 1001 807 1062 manifestissimis
833 1005 1007 1079 probationi-

40 1079 101 1132 bns
120 1075 161 1132 vel
182 1076 416 1150 perscripturum
435 1076 479 1132 vel
494 1094 546 1150 per
563 1085 647 1133 testes
665 1075 782 1134 idoneos
799 1079 1006 1153 approbaverit,

42 1152 77 1206 in
95 1149 157 1224 ipso
175 1157 234 1206 toto
253 1148 315 1220 dic,
338 1167 394 1223 quo
411 1147 610 1206 conficiebatur
628 1150 857 1222 instrumentum,
882 1169 945 1208 sese
964 1151 1006 1207 rel

43 1222 237 1280 aduersarium
257 1240 336 1278 suern
355 1221 383 1278 in
399 1222 458 1278 aliis
474 1221 540 1278 locis
554 1239 615 1279 esse
626 1224 678 1295 ¹⁸).
716 1221 783 1280 Post
796 1233 913 1280 rnartern
927 1243 1005 1280 suana
1017 1234 1049 1281 ¹³

43 1295 111 1352 dari
135 1295 192 1372 ubi,
211 1313 294 1352 nemo
320 1294 446 1369 stipulari
471 1305 602 1369 poterat,
630 1313 688 1352 non
712 1296 815 1369 magis,
839 1315 925 1384 quam
943 1305 1008 1385 post

45 1378 168 1424 mortem
194 1368 269 1440 eius,
294 1384 311 1423 a
337 1386 393 1442 quo
420 1368 615 1441 stipulabatur.
652 1365 715 1443 aas)
744 1372 818 1437 net)
846 1389 885 1442 rr,
910 1388 958 1444 qur
978 1370 1010 1426 iu

43 1441 165 1498 alicuius
190 1449 329 1514 potestate
354 1450 413 1509 est,
441 1451 503 1514 post
524 1452 640 1499 mortem
660 1443 719 1499 eius
737 1443 771 1497 sti
794 1442 863 1498 ulari
881 1451 1006 1517 poterat,

44 1515 116 1590 quia
133 1515 220 1601 patris
237 1514 280 1571 nel
298 1514 403 1570 domini
422 1533 489 1571 voce
509 1514 584 1590 loqui
604 1515 722 1574 videtur.
784 1515 819 1572 ed
839 1526 884 1587 et,
904 1516 928 1572 si
945 1516 1013 1591 quis*

45 1590 89 1644 ita
105 1587 267 1661 supuletur,
282 1586 395 1716 pridie,
419 1605 500 1664 prona
518 1591 634 1656 marma,
661 1589 704 1644 vel
721 1587 826 1662 pridie,
849 1607 929 1665 panae
946 1606 1008 1646 urt-

44 1664 142 1732 rieris,
161 1659 273 1730 doluisti
315 1659 417 1718 inutilis
436 1671 497 1718 erat
516 1662 549 1716 sti
573 1661 668 1716 ulatio.
704 1659 763 1718 Sed
779 1680 843 1716 cunr
860 1663 905 1731 (at
920 1658 1005 1736 tami)

45 1735 153 1790 dictans
171 1733 227 1808 est)
247 1751 283 1792 ex
301 1752 436 1790 consensu
454 1680 675 1791 contralrentinm
695 1733 1007 1808 stipulationesvaleot,

44 1807 154 1884 placuit
176 1806 272 1875 nabis,
300 1807 383 1864 etiam
410 1809 438 1863 in
462 1807 536 1864 hunc
559 1808 625 1863 iuris
650 1806 799 1867 arfioulunr
821 1809 1007 1866 necessariam

47 1881 184 1938 inducere
205 1880 453 1952 emendationem,
480 1891 527 1948 ut,
550 1881 606 1936 aive
625 1889 689 1956 post
711 1889 847 1950 martem,
871 1881 929 1936 sire
948 1883 1009 1955 pci-

45 1955 113 2021 die,
138 1971 223 2028 quam
249 1955 383 2010 morietur
405 1953 569 2027 stipulator,
595 1954 654 2010 siue
673 1952 839 2028 promissor,
866 1953 1007 2028 stipulatio

46 2035 187 2101 conceptu
206 2035 262 2097 est,
284 2027 375 2083 valeat
393 2027 535 2102 stipulatio
547 2029 599 2100 ¹⁹).
635 2027 722 2096 Item,
741 2026 764 2082 si
802 2025 843 2082 uir
861 2027 901 2082 ita
917 2028 950 2082 sti
973 2046 1008 2081 u·
1020 2041 1052 2087 u

45 2103 123 2158 iatua
139 2109 215 2172 erat,
239 2102 265 2156 si
282 2102 358 2159 nonu
375 2117 411 2156 ea
428 2100 498 2158 Asia
515 2103 630 2172 cenail,
656 2098 770 2172 aaut)
782 2045 855 2156 lusa
871 2116 938 2175 pau
990 2097 1006 2157 i

46 2173 154 2232 inutilis
179 2172 274 2245 erat¹)
299 2173 459 2247 stipulatio,
494 2173 560 2248 quia
585 2182 766 2249 praepostere
790 2182 927 2248 concepta
953 2181 1006 2231 est.

45 2247 101 2304 sed
128 2265 189 2303 cunr
215 2245 293 2318 Leo,
320 2247 440 2303 inclutae
465 2246 684 2316 recordationis,
710 2245 738 2302 in
757 2245 869 2302 dotibus
887 2245 1009 2303 eandem

44 2319 275 2395 stipulationem,
293 2337 367 2394 quac
382 2330 565 2446 praepostera
584 2328 776 2394 nuncupatur,
794 2335 850 2375 non
865 2336 926 2378 esse
941 2319 1010 2378 reii-

46 2393 179 2450 ciendam
199 2391 385 2464 existimavit,
413 2411 450 2450 no
471 2394 493 2448 is
511 2391 630 2468 placuit,
656 2404 685 2450 et
702 2391 768 2448 huic
787 2391 940 2466 perfectum
960 2411 1011 2450 ru-

48 2472 106 2524 bur
129 2465 359 2536 accommodare,
387 2475 417 2523 ut
435 2483 490 2522 non
509 2466 598 2524 solnm
616 2466 787 2538 indutibus,
811 2465 861 2523 sed
879 2467 964 2524 etiam
980 2467 1010 2524 ἰι

48 2540 181 2598 omnibus
207 2539 297 2597 valeat
322 2539 480 2596 huiusmodi
502 2541 649 2617 conceptio
670 2537 921 2615 stipulationis²⁰).
967 2540 1053 2596 itare

49 2624 146 2669 autern
165 2621 302 2687 concepta
321 2613 478 2686 stipulatio,
499 2612 581 2670 veluti
601 2614 624 2670 si
643 2612 736 2670 Titius
753 2613 844 2684 dicat,
873 2631 932 2672 utar
949 2629 1011 2670 uto-

48 2690 128 2757 rau,
154 2684 219 2745 dura
243 2682 380 2761 marles?
407 2686 467 2754 vel,
492 2703 550 2742 urm
574 2688 717 2757 marera,
745 2695 776 2742 et
798 2685 874 2760 apud
903 2693 1011 2741 ueteres

48 2759 127 2814 utilis
159 2768 236 2829 erat,
262 2768 290 2814 et
316 2777 389 2816 nuuc
415 2756 551 2831 valet²¹)ss
590 2759 660 2816 ltern
679 2766 878 2833 postmortem
898 2757 1054 2814 alteriuste

48 2841 130 2888 recte
154 2831 383 2906 stipulamur22).
441 2831 473 2888 Si
499 2832 631 2905 scripturn
656 2831 741 2888 suerit
766 2831 795 2886 in
818 2831 1052 2897 instrumentn,rt

49 2904 212 2980 promisisse
238 2904 379 2980 aliquem,
407 2906 524 2980 perinde
549 2904 682 2976 liabetur,
709 2913 792 2977 atque
809 2903 834 2957 si
854 2902 1011 2976 interroga-

48 2980 130 3034 tione
154 2977 341 3052 praecedente
369 2994 531 3052 respunsnra
550 2978 585 3032 sit
597 2976 650 3052 ²³).
695 2976 835 3043 Quotiens
853 2975 947 3050 piures
966 2992 1011 3032 res
1023 2985 1055 3030 ιε

48 3069 110 3108 noa
137 3050 314 3126 stipulatione
341 3050 636 3126 comprehendantur,
671 3048 695 3105 si
721 3047 833 3124 quidem
860 3048 1035 3123 promissor.

49 3123 214 3199 simpliciter
233 3123 420 3198 respondeat,
439 3123 504 3182 durs
520 3123 657 3198 malco,
678 3132 795 3252 propter
812 3139 909 3178 omnes
928 3131 1013 3182 aare

46 3209 114 3270 tur,
135 3197 158 3252 si
177 3214 243 3253 uero
264 3214 347 3254 unam
367 3215 403 3252 ex
423 3197 481 3268 iria,
507 3197 548 3254 vel
568 3196 703 3272 quasdam
743 3206 852 3260 uturum
870 3213 902 3253 se
923 3214 1013 3271 spon÷

49 3313 271 3328 m

46 3429 78 3480 k)
93 3369 174 3470 ¹‚siant
195 3393 222 3404 -
240 3375 346 3479 uqi-'lta'
367 3393 394 3402 -
431 3373 455 3422 la)
469 3372 541 3424 dore,
563 3370 633 3424 duan·
654 3369 678 3412 d.
699 3370 806 3420 sponna.
828 3389 855 3401 -
890 3331 962 3420 illle.
985 3390 1014 3401 -

109 3459 116 3472 ·
145 3459 163 3486 η
184 3448 212 3459 ··
319 3457 326 3470 ·
698 3457 701 3464 ·
766 3471 768 3478 .

82 3549 123 3604 18)
138 3551 168 3594 D.
182 3552 205 3593 h.
221 3550 237 3594 l.
255 3551 275 3594 t.
292 3561 326 3604 pr.
342 3549 366 3604 s.
381 3552 401 3595 t.
417 3549 515 3604 (tvm,
550 3550 611 3594 auct.
631 3546 680 3592 lud.
698 3544 790 3600 possid.
804 3545 869 3590 xm
896 3544 920 3588 ὅ.
940 3545 960 3588 l.
974 3543 1014 3596 ’Μ

45 3607 91 3650 aa.
107 3603 169 3650 trs.
185 3627 213 3640 -
230 3605 268 3659 rna
281 3606 379 3655 cvm
391 3607 428 3650 aa.
442 3606 516 3658 r.n.;
551 3605 581 3648 us
596 3603 648 3648 rure
663 3601 711 3646 rot.
725 3602 814 3655 xxrn,
829 3601 853 3644 a.
875 3575 891 3645 l.
906 3598 945 3646 aa.
959 3598 1013 3652 tua

47 3659 204 3706 utactlooas
217 3663 259 3714 lv,
278 3664 313 3707 tt.
345 3661 516 3713 cct.11‚tae.
551 3661 604 3704 1ι.1.
619 3659 659 3702 la.
678 3657 705 3710 s.
721 3659 742 3701 l.
757 3658 781 3700 ³.
801 3659 818 3700 l.
836 3656 887 3700 itt.
907 3654 931 3708 s.
946 3655 1013 3698 1.-

49 3737 77 3749 -
98 3715 138 3768 ²⁰)
154 3715 516 3768 0.tleteslunt.V1,2³.l.25.
552 3712 868 3766 aaru.o.1.tas.r.·-
897 3711 1015 3756 narrant.

47 3774 82 3817 lt.
98 3773 121 3816 la
142 3771 212 3818 Νι.
235 3795 263 3805 ·-
292 3770 375 3824 run.
397 3772 426 3814 de
448 3772 518 3814 rebus
552 3771 658 3824 scrutil,
675 3769 696 3824 l,
713 3771 736 3814 8.
