2516 4328
134 367 139 378 ,
238 301 305 366 172
366 300 516 359 lnsrtrur.
544 295 593 356 Da
609 312 794 355 sarcasmus
810 294 866 365 tv,
879 299 910 354 6.
930 292 962 376 ξ.
976 299 1086 354 5-8.

240 451 303 528 quis
327 449 480 505 dominium
500 466 579 504 assum
604 445 734 503 vindicet.
764 445 821 502 'sed
841 446 907 521 quia
927 461 995 500 sane
1016 443 1128 500 durum
1148 451 1215 514 erat,

241 543 278 581 eo
294 543 359 580 casu
377 523 500 579 deficere
519 522 673 591 actionem,
693 520 805 576 inventa
826 531 900 576 esta
920 527 1058 593 praetore
1075 515 1215 586 actio,io

240 616 297 674 qua
325 597 391 652 dicit
416 597 455 665 is,
481 596 528 671 qui
554 595 758 668 possessionem
786 593 892 666 amisit,
919 609 981 647 eam
1010 610 1075 648 rem
1107 609 1144 647 se
1169 611 1216 646 uso

242 672 366 746 cepisse,
386 681 414 726 et
433 671 473 724 ita
492 669 628 739 vindicat,
654 685 732 722 suam
751 685 821 723 esse.
860 683 933 742 quae
952 665 1028 721 actio
1046 665 1216 722 Publiciana

242 744 416 820 appellatur,
440 743 572 818 quoniam
597 741 716 816 primum
736 758 752 796 a
770 740 894 796 Publicio
914 750 1049 815 praetore
1072 740 1102 795 in
1125 739 1215 795 edicto

211 828 230 872 o
264 818 387 893 roposita
408 819 512 884 est⁸)..
544 815 650 872 Rursus
670 833 706 870 ex
731 814 857 886 diverso,
884 815 905 869 si
930 813 1010 889 quis,
1029 832 1101 868 cum
1121 814 1216 886 reipa-

243 837 333 947 blicae
354 907 437 945 causa
457 889 584 961 abesset,
612 888 654 945 rel
674 889 701 943 in
722 887 842 944 hostium
864 896 1005 962 potestate
1024 897 1132 958 esset,
1163 905 1215 942 rem

165 995 167 999 ,
243 965 320 1033 eius,
348 963 395 1038 qui
423 963 451 1018 in
479 963 590 1019 civitate
617 971 706 1032 esset,
732 981 781 1017 usu
809 963 935 1037 ceperit,
964 961 1149 1035 permittitur
1168 962 1215 1016 do-

243 1039 337 1108 mino,
363 1037 386 1092 si
412 1054 556 1111 possessor
574 1035 744 1111 reipublicae
762 1052 847 1091 causa
865 1037 963 1092 abesse
983 1034 1125 1102 desierit,
1156 1042 1215 1089 tuac

243 1113 316 1168 intra
335 1129 453 1182 annom,
481 1111 597 1166 rescissa
620 1109 805 1182 usucapione,
833 1117 1037 1183 competere,
1069 1107 1101 1164 id
1120 1118 1169 1163 est
1183 1109 1213 1162 its

243 1195 343 1261 petere
350 1225 360 1254 ,
387 1195 417 1240 ut
444 1184 535 1256 dicat,
562 1200 749 1258 possessorem
777 1201 827 1238 usn
848 1201 903 1238 non
925 1183 1054 1256 cepisse,
1084 1192 1117 1238 et
1138 1183 1176 1236 ob
1191 1181 1212 1237 id

244 1277 322 1314 suam
342 1275 404 1314 esse
425 1275 492 1315 rem.
530 1257 605 1333 quod
624 1274 712 1331 genus
732 1257 848 1312 actionis
864 1256 1031 1330 quibusdam
1055 1265 1089 1311 et
1101 1255 1131 1330 h)
1153 1256 1211 1327 aliis,

245 1333 325 1387 simili
350 1331 492 1406 aequitate
514 1341 622 1402 motus,
647 1341 762 1404 praetor
785 1330 1000 1401 accommodat,
1024 1329 1106 1385 sicut
1125 1347 1163 1384 ex
1178 1331 1210 1384 ls-

245 1406 315 1461 tiore
344 1405 514 1476 digestorum
538 1423 588 1460 sen
609 1403 810 1477 pandectarum
826 1404 970 1459 columine
990 1403 1169 1478 intellegere
1185 1403 1210 1457 li-

215 1480 335 1550 acett).
374 1478 442 1533 ltem
462 1479 483 1531 si
503 1479 565 1551 quis
584 1477 612 1532 in
631 1475 759 1532 fraudem
774 1477 940 1533 creditorum
957 1493 1016 1532 rem
1032 1495 1122 1532 ruam
1140 1477 1209 1532 alicui

244 1551 413 1623 tradiderit,
443 1551 522 1604 bonis
541 1549 600 1605 eius
619 1567 637 1605 a
655 1550 838 1607 creditoribus
858 1568 895 1606 ex
914 1551 1057 1607 sententia
1080 1550 1209 1626 praesidis

244 1623 395 1699 possessis,
415 1623 585 1698 permittitur
602 1623 668 1698 ipsis
687 1623 888 1693 creditoribus,
913 1624 1031 1680 rescissa
1053 1625 1209 1694 traditione,

225 1715 308 1753 ‘eam
336 1713 394 1754 rem
421 1708 536 1772 petere,
562 1697 590 1753 id
616 1707 658 1753 est
683 1697 794 1768 dicere,
818 1715 881 1754 eam
908 1716 967 1754 rem
993 1697 1137 1754 traditam
1165 1716 1208 1754 non

217 1783 324 1838 tesse,
350 1780 378 1826 et
402 1773 439 1826 ob
464 1770 492 1827 id
512 1771 539 1826 in
560 1771 640 1826 bonis
658 1770 792 1827 debitoris
811 1773 945 1828 mansisse
958 1775 1011 1843 ¹⁰).
1052 1771 1131 1828 Item
1151 1772 1209 1828 Ser-

246 1845 327 1899 viana
349 1854 377 1900 et
393 1846 472 1920 quasi
491 1843 645 1913 Serviano,
662 1862 737 1933 quae
755 1846 839 1902 etiam
859 1843 1070 1920 hypothecaria
1093 1857 1210 1914 vocator,

245 1935 283 1974 ex
309 1918 395 1992 ipsius
422 1918 559 1994 praetoris
585 1917 774 1976 iurisdictione
798 1920 980 1974 substantiam
1009 1920 1101 1993 capit.
1151 1920 1210 1976 Ser·

245 1992 327 2046 viana
346 2002 438 2048 autem
458 1991 603 2066 experitur
621 1991 683 2067 quis
701 1992 737 2048 de
755 1993 839 2048 rebus
860 1993 967 2063 coloni,
1014 2011 1071 2048 uae
1093 1993 1209 2068 pignori

244 2066 307 2121 iure
326 2082 378 2140 pro
398 2065 573 2121 mercedibus
591 2064 671 2121 fundi
690 2065 716 2122 ei
735 2075 882 2140 tenentnr3
902 2009 1148 2142 quasisserviana
1167 2086 1209 2123 an-

244 2149 319 2209 tem,
352 2155 408 2225 qna
437 2140 589 2196 creditores
616 2138 735 2213 pignora
761 2138 969 2217 ltypotlrecasse
994 2152 1209 2217 persequuntur.

217 2253 221 2259 .
244 2213 318 2268 inter
337 2230 439 2338 pignus
458 2224 552 2268 antem
573 2222 601 2268 et
620 2211 826 2300 hypothecam,
849 2225 984 2289 quantum
1009 2214 1047 2270 ad
1077 2217 1208 2272 actiones

245 2285 523 2359 ltypotrecariami),
549 2285 617 2342 nilril
635 2297 766 2344 interest:
794 2305 857 2342 nam
880 2288 916 2344 de
935 2305 991 2363 qua
1010 2306 1041 2344 re
1059 2289 1140 2345 inter
1157 2306 1209 2345 cre·

245 2359 364 2413 ditarem
393 2370 422 2413 et
448 2359 604 2417 debitorem
632 2359 808 2434 convenerit,
837 2370 867 2416 ut
891 2363 926 2417 sit
952 2379 1002 2436 pro
1022 2362 1127 2418 debito
1147 2363 1209 2418 obli·

247 2442 330 2504 ·gata,
366 2441 484 2506 utraque
516 2433 569 2488 hac
602 2433 790 2507 appellatione
817 2436 983 2492 continetur.
1020 2435 1074 2492 sed
1101 2437 1131 2492 in
1160 2437 1210 2492 aliis

247 2501 406 2558 differentia
425 2516 484 2562 est:
505 2523 568 2560 nam
588 2508 708 2580 pipaorts
727 2507 916 2584 appellatione
933 2527 995 2564 earn
1013 2512 1137 2585 proprie
1151 2529 1210 2568 con-

247 2577 330 2632 tineri
352 2576 485 2647 dicimus,
502 2596 576 2653 quae
595 2578 675 2634 simul
692 2581 775 2636 etiam
791 2581 909 2638 traditur
923 2583 1074 2655 creditori,
1095 2586 1209 2640 maxime

247 2650 270 2706 si
292 2651 399 2706 mobilis
418 2651 469 2724 sit;
498 2663 528 2707 at
546 2669 625 2725 eam,
651 2670 724 2728 quae
743 2656 803 2711 sine
822 2657 973 2712 traditione
993 2656 1071 2713 nuda
1093 2677 1210 2715 conven-

246 2725 323 2781 tione
343 2733 469 2798 teoetur,
496 2727 611 2802 proprie
628 2724 786 2802 appot-eus
801 2730 989 2804 appellatione
1009 2731 1155 2788 contineri
1174 2732 1210 2787 di·

214 2798 397 2872 ecirnus¹¹).
445 2799 475 2856 lo
501 2818 651 2876 personam
676 2818 789 2878 quoque
815 2803 939 2860 actiones
961 2821 998 2858 ex
1023 2821 1077 2860 sua
1104 2806 1210 2862 iurisdi-

247 2874 341 2930 ctione
366 2874 526 2950 proposites
551 2875 638 2931 lrabet
664 2885 786 2948 praetor.
823 2875 918 2933 Veluti
945 2877 981 2932 de
1023 2879 1129 2935 ecunia
1149 2898 1209 2936 con-

246 2947 362 3018 stituta,
395 2947 440 3002 cui
470 2947 566 3005 similis
592 2947 740 3004 ridebatur
765 2951 929 3024 receptitia:
964 2896 1021 3006 sel
1046 2968 1087 3006 ex
1122 2965 1209 3009 nasos

247 3020 446 3075 constitutione
466 3019 542 3098 (cum
562 3031 608 3093 et,
628 3021 650 3075 si
671 3021 737 3095 quid
756 3022 864 3098 plenius
883 3023 1024 3098 habebat,
1046 3024 1105 3082 boc
1119 3027 1151 3082 in
1166 3045 1209 3102 pe·

246 3094 358 3154 cuniam
377 3091 590 3168 consaturant)
611 3092 779 3152 transfusum
794 3101 849 3170 est)
868 3107 896 3154 et
906 3094 927 3172 ¹)
949 3113 999 3170 ea,
1018 3100 1101 3174 quasi
1115 3118 1210 3177 super-

304 3285 328 3338 h)
343 3282 389 3328 ser.
404 3285 434 3328 ct.
456 3305 484 3315 -
518 3282 536 3335 ί)
549 3285 570 3329 t.
590 3287 702 3346 aarum
718 3259 744 3332 a.
759 3289 848 3332 manes.
869 3311 897 3321 -
926 3288 953 3341 n)
968 3289 1086 3345 aestuem
1103 3293 1211 3343 μανψ

245 3343 393 3412 coastttutca.
408 3358 437 3372 -
461 3339 480 3389 l)
497 3338 543 3383 oet.
557 3342 587 3385 et.
981 3367 983 3370 .
1043 3345 1044 3350 ¹

275 3464 299 3516 8)
314 3463 343 3508 Ι),
358 3463 388 3506 tte
402 3462 494 3509 Public.
509 3463 533 3507 tn
547 3474 598 3508 rem
612 3467 657 3509 act.
669 3465 711 3522 Vt,
747 3466 774 3510 c.
795 3467 825 3511 ds
844 3465 990 3511 revocandis
1008 3465 1048 3510 nu
1068 3477 1092 3521 o.
1102 3471 1133 3514 ιιι
1142 3467 1171 3514 tr.
1182 3480 1211 3513 cr.

245 3520 270 3564 2.
290 3519 340 3563 sat.
355 3521 398 3574 lv,
413 3521 450 3564 tto.
471 3541 500 3552 -
527 3519 552 3572 9)
566 3522 595 3565 1).
611 3531 643 3565 ex
658 3522 712 3574 out·
745 3522 845 3580 Vnst&
860 3547 888 3557 -
911 3525 950 3576 tt)
966 3522 996 3568 Ι).
1011 3524 1041 3567 de
1056 3524 1155 3578 pigrior.
1165 3527 1210 3580 xx,

246 3575 294 3620 bus
307 3575 387 3619 causis
401 3575 505 3620 ntalores
519 3577 561 3631 lv,
577 3579 615 3631 6.,
638 3587 711 3630 prae·
747 3580 769 3622 t.
788 3581 805 3624 l.
819 3582 842 3624 3.
860 3580 912 3634 18.;
933 3579 965 3624 etl
985 3581 1030 3624 St).
1046 3579 1137 3626 Vellei.
1153 3583 1210 3632 XVI,

244 3631 337 3676 settim.
352 3633 367 3676 Ι.
385 3635 404 3678 1,
420 3637 442 3687 s.
458 3637 478 3677 t.
494 3634 710 3686 lttt.pr...t.²6.
747 3635 768 3678 1.
784 3637 800 3680 l.
819 3637 855 3680 ra.
871 3637 896 3688 s.
914 3636 980 3679 1.-
1002 3636 1171 3686 n.xx‚t.r
1190 3640 1210 3682 fi.

245 3687 271 3740 ς.
286 3689 309 3732 8.
331 3709 358 3720 -·
391 3690 427 3741 tu)
442 3691 490 3733 etc.
510 3689 541 3732 ed
558 3689 631 3732 Attio.
647 3692 671 3745 l,
692 3691 710 3732 t.
746 3689 815 3746 §.tq
830 3692 860 3736 de
876 3693 942 3736 verb.
956 3690 1071 3751 algerum,
1083 3693 1120 3740 m
1136 3695 1210 3741 1339,

246 3725 711 3801 lt.onnetntrnoo.creott.xmus.
745 3746 808 3798 Μ,
943 3767 945 3778 1
995 3775 997 3780 ,
