2548 4342
110 272 258 330 lxsrrrur.
288 268 582 329 bonsemannus.
599 286 688 328 suec.
708 265 765 336 ΠΙ,
781 271 811 324 2.
837 265 868 348 ἓ.
882 275 912 327 t.
967 265 1029 330 113

70 419 236 476 hereditates
265 417 303 474 ad
328 418 464 474 masculos
492 415 673 472 confluerent.
711 416 760 472 sed
789 418 855 491 quia
880 435 948 474 sane
973 426 1028 474 mi.

71 513 152 569 quum
178 502 254 564 erat,
287 492 316 547 in
341 493 498 546 universum
526 507 590 560 eas,
617 489 696 562 quasi
721 501 887 564 extraneas,
915 492 1027 567 repelli,

72 579 183 641 praetor
209 585 257 622 eas
282 565 317 622 ad
345 567 482 621 bonorum
510 563 713 638 possessionem
738 563 859 620 admittit
883 583 918 621 ea
937 578 1028 640 parte,

73 660 125 715 qua
155 640 341 714 proximitatis
371 639 483 694 nomine
518 639 653 693 bonorum
685 641 887 712 possessionem
912 640 1029 714 pollice-

72 726 129 789 tnr3
156 733 191 770 ex
212 733 268 790 qua
289 721 369 788 parte
385 713 424 768 ita
443 711 545 768 scilicet
565 711 761 784 admittuntur,
788 713 810 768 si
829 731 921 788 neque
940 732 1031 770 aona-

72 803 113 843 tus
140 788 225 860 ullus,
253 805 305 844 nec
333 787 487 860 proximior
513 795 648 860 cognatus
673 785 847 842 interveniat.
893 787 931 842 Et
958 761 1030 844 baec

71 862 179 936 quidem
201 862 247 918 lex
268 861 416 916 duodecim
436 859 591 916 tabularum
607 859 681 915 nullo
695 860 779 917 modo
794 859 961 934 introduxit,
979 862 1029 918 sed

72 936 271 1010 simplicitatem
293 935 400 1009 legibus
427 935 544 990 amicam
570 933 701 1005 amplexa
728 933 808 988 simili
826 935 912 990 modo
932 954 1030 991 ornnes

72 1021 201 1082 agnatos,
230 1011 288 1065 sive
310 1009 446 1065 masculos
464 1008 521 1064 sive
539 1007 674 1080 seminas,
700 1009 897 1082 cuiuscumque
916 1010 1030 1084 gradus,

70 1085 105 1138 ad
126 1084 332 1140 similitudinem
355 1101 486 1150 suorum,
514 1083 631 1137 invicem
660 1081 695 1136 ad
723 1082 926 1138 successionem
947 1102 1033 1139 voca-

72 1159 132 1230 nat,
162 1158 256 1214 media
283 1165 376 1213 autem
403 1155 636 1230 inrisprudentia,
664 1173 737 1230 quae
757 1166 817 1211 erat
836 1156 897 1228 lege
917 1158 1030 1231 quidem

72 1231 216 1288 duodecim
245 1230 402 1288 tabularum
430 1231 539 1297 iunior,
565 1229 704 1302 imperiali
731 1240 824 1284 autem
850 1229 1032 1302 dispositione

74 1307 205 1379 anterior,
235 1305 387 1360 subtilitate
415 1303 536 1379 quadam
564 1303 738 1376 excogitata,
765 1302 921 1376 praefatam
949 1303 1033 1360 diffe-

73 1381 185 1436 rentiam
205 1379 375 1450 inducebat,
395 1389 423 1434 et
443 1379 554 1451 penitus
574 1395 622 1434 eas
640 1378 844 1433 asuccessione
865 1389 1031 1452 agnatorum

74 1455 244 1526 repellebat,
263 1453 339 1509 omni
360 1453 414 1508 alia
435 1452 610 1509 successione
630 1451 786 1579 incognita,
808 1451 899 1508 donec
918 1463 1034 1526 praeto-

73 1545 129 1599 res,
165 1527 299 1601 paulatim
334 1525 515 1599 asperitatem
548 1525 615 1580 iuris
645 1525 696 1580 civi
707 1526 730 1580 is
758 1526 945 1598 corrigentes,
976 1526 1033 1582 sive

73 1601 143 1675 quod
164 1603 246 1660 deest
262 1601 335 1658 adim
358 1601 461 1673 lentes,
481 1599 604 1655 humano
624 1599 786 1672 proposito,
806 1599 888 1654 alium
905 1600 1032 1656 ordinem

74 1675 124 1729 suis
143 1676 242 1732 edictis
262 1619 447 1744 addiderunt,
478 1683 506 1730 et
529 1673 702 1747 cognationis
728 1673 819 1745 linea,
848 1675 1034 1746 proximitatis

74 1749 196 1818 nomine,
222 1749 396 1820 introducta,
426 1765 477 1820 per
502 1749 638 1802 bonorum
659 1747 864 1819 possessionem
882 1767 930 1803 eas
950 1749 1035 1804 adiu·

74 1823 187 1896 rabant,
214 1834 243 1879 et
267 1823 471 1896 pollicebantur
489 1821 532 1876 his
552 1823 688 1876 bonorum
708 1821 929 1893 possessionem,
959 1841 1033 1898 quae

73 1895 138 1952 unde
157 1900 263 1972 cognati
283 1897 448 1970 appellatur.
482 1914 532 1951 nos
552 1913 635 1968 vero,
659 1895 750 1968 legem
774 1894 922 1951 duodecim
948 1897 1033 1952 tabu-

74 1969 158 2026 larum
183 1983 350 2046 sequentes,
378 1979 407 2026 et
431 1970 491 2027 eius
511 1969 625 2044 vestigia
644 1968 672 2024 in
690 1969 743 2024 hac
762 1979 842 2042 parte
861 1987 1032 2026 conservan-

74 2055 130 2116 tes,
166 2046 313 2102 laudamus
341 2043 453 2121 quidem
482 2053 626 2116 praetores
650 2060 718 2098 suae
745 2043 941 2116 humanitatis,
975 2063 1032 2099 non

75 2127 163 2174 tamen
183 2137 232 2176 eos
252 2121 280 2174 in
305 2118 417 2190 plenum
438 2135 540 2174 causae
557 2116 664 2174 mederi
683 2116 853 2175 invenimus:
881 2135 968 2193 quare
988 2128 1033 2174 et-

74 2193 142 2248 enim
152 2235 161 2262 ,
180 2211 236 2250 uno
258 2193 415 2267 eodemque
436 2191 524 2266 gradu
544 2191 664 2247 naturali
679 2203 879 2263 concurrente,
900 2204 1035 2268 stagna-

75 2267 151 2322 tionis
179 2269 265 2324 titulis
285 2279 342 2322 tarn
363 2269 390 2322 in
411 2265 539 2322 masculis
562 2283 645 2342 quam
666 2265 695 2320 in
713 2265 824 2322 lerninis
844 2285 934 2342 aequa
954 2267 1035 2324 lance

74 2341 250 2412 constitutis,
290 2341 418 2396 masculis
459 2339 571 2415 quidem
605 2339 726 2396 dabatur
761 2340 797 2397 ad
831 2342 1034 2397 successionem

74 2415 163 2471 senne
197 2415 321 2472 omnium
359 2425 543 2489 agnatorum,
580 2432 616 2470 ex
644 2415 753 2488 agnatis
785 2424 878 2472 autem
908 2415 1034 2472 mulieri-

75 2487 121 2544 bus
148 2489 228 2546 nullis
257 2490 384 2562 penitus,
415 2489 468 2544 nisi
494 2489 544 2544 soli
570 2489 677 2557 sorori,
711 2488 748 2544 ad
776 2499 942 2564 agnatorum
969 2509 1035 2546 suc-

74 2562 221 2620 cessionem
242 2565 360 2636 patebat
381 2559 495 2620 aditusl
514 2563 579 2619 ideo
599 2564 628 2618 in
648 2563 760 2636 plenum
782 2564 875 2619 omnia
894 2563 1033 2620 reducen-

75 2645 112 2691 tes
136 2648 163 2692 et
191 2639 226 2694 ad
254 2637 297 2693 ius
326 2637 474 2692 duodecim
500 2637 655 2692 tabularum
684 2636 803 2693 eandem
823 2636 1032 2710 dispositionem

76 2723 264 2786 exaequantes
284 2722 378 2768 nostra
398 2711 595 2767 constitutione
612 2711 776 2780 sanximus,
797 2728 888 2767 mones
901 2710 1034 2784 iegitiutos

73 2801 212 2908 pascuas,
232 2784 262 2842 id
281 2792 320 2842 est
337 2804 384 2860 per
403 2783 505 2842 uirilem
523 2801 617 2840 semem
633 2781 833 2853 descendentes,
853 2787 908 2841 sine
925 2803 1033 2841 moscu-

84 2860 118 2913 ioi
141 2861 195 2916 sine
221 2858 345 2931 feminini
384 2861 471 2916 coeris
489 2865 567 2926 mint,
593 2856 674 2913 simili
694 2857 774 2914 modo
793 2857 830 2914 od
848 2861 910 2915 iuro
928 2876 1034 2915 mieces-

72 2933 153 2989 sionis
186 2932 318 3006 legitimus
346 2877 382 2990 od
406 2929 535 2990 intestato
554 2933 660 3003 mouri,
696 2929 839 2990 secondum
862 2930 964 3006 gradus
989 2935 1035 2989 stri

74 3011 302 3080 moeropotieom,
328 3025 376 3064 aee
402 3006 462 3063 ideo
488 3003 680 3078 secludendus,
706 3009 769 3081 qrtio
795 3009 1034 3080 omsnngttinitotis

75 3081 147 3147 iuro,
171 3083 249 3138 siniti
271 3098 431 3155 penaunce,
456 3098 509 3136 noa
535 3078 639 3136 lrabeat.
685 3079 747 3136 Hoc
766 3081 850 3136 etiam
871 3081 1061 3136 addendomt

75 3164 182 3210 nostrae
209 3155 400 3211 constitutioni
429 3154 670 3226 existimavimus,
698 3163 728 3210 ut
753 3153 937 3211 transferatur
964 3174 1034 3210 unus

76 3227 264 3284 tantummodo
293 3229 395 3304 gradus
415 3247 431 3283 a
451 3230 511 3283 inre
538 3228 711 3302 cognationis
737 3228 766 3284 in
789 3229 942 3304 legitimam
969 3247 1034 3284 suc-

76 3301 246 3376 cessionem,
277 3316 307 3358 ot
333 3322 388 3359 non
416 3303 504 3358 solum
529 3302 623 3358 fratris
640 3301 712 3358 filius
732 3312 761 3358 et
777 3301 854 3372 lilia,
879 3303 1031 3359 secundum

76 3373 146 3446 quod
172 3377 228 3432 iam
252 3376 443 3446 delinivimus,
469 3377 505 3432 ad
532 3377 734 3433 successionem
754 3378 847 3450 patrui
867 3377 910 3432 sui
928 3394 1033 3432 vocen-

76 3458 132 3518 tur,
150 3449 199 3505 sed
220 3453 304 3508 etiam
323 3469 474 3526 germanae
491 3451 715 3524 consanguineae
731 3449 773 3505 vel
789 3450 892 3506 sororis
908 3451 1034 3508 uterinae

75 3518 143 3576 filius
168 3533 196 3578 et
220 3524 277 3581 lilia
301 3525 369 3594 soli,
398 3535 427 3581 et
445 3545 499 3581 non
520 3526 652 3600 deinceps
672 3541 811 3598 personae
833 3543 888 3580 una
907 3543 971 3581 cnm
990 3524 1034 3582 his

78 3592 110 3648 ad
128 3595 188 3652 iura
208 3600 335 3658 avunculi
355 3600 398 3655 sui
416 3601 600 3674 perveniant,
620 3609 648 3654 et
665 3608 774 3654 mortuo
792 3616 837 3672 eo,
855 3599 902 3674 qui
917 3609 1034 3673 patruus

76 3667 185 3739 quidem
206 3672 254 3729 'est
279 3673 372 3730 fratris
391 3675 433 3730 sui
454 3673 532 3744 filiis,
559 3672 708 3728 avunculus
728 3682 822 3728 autem
843 3674 945 3730 sororis
964 3692 1034 3731 suae

76 3741 177 3817 soboli,
202 3747 282 3804 simili
303 3747 386 3804 modo
407 3750 441 3804 ab
464 3757 581 3823 utroque
599 3747 684 3804 latere
702 3747 869 3822 succedant,
889 3759 1032 3832 tamquam
