2548 4342
63 275 220 334 'Insrrrun
244 269 292 330 De
306 289 510 331 nononross.
524 273 580 343 ΙΙΙ,
590 278 620 330 9.
632 272 774 350 (lb.)Pr.
791 272 822 354 §⁷
835 278 924 333 1-3·
973 273 1036 338 125

259 448 452 507 rtrunus
477 453 621 509 nouus
646 437 844 522 (uncturus).

116 555 231 638 uun
267 553 518 623 nouorum
552 539 993 624 rossnssronrnus.

125 681 171 738 lus
193 683 335 738 'bonorum
361 675 544 756 possessionis
570 681 757 738 introductum
785 683 827 737 est
855 701 871 737 a
897 678 1077 758 praetorem.

64 757 239 812 emendandi
259 753 359 812 veteris
378 755 444 811 luris
464 756 563 830 gratia.
602 755 665 811 Nec
683 757 771 811 solum
793 757 820 810 in
841 756 1035 813 intestatorum

66 831 271 887 hereditatibus
300 840 378 885 vetus
403 830 446 884 ius
471 847 505 885 eo
525 829 608 885 modo
628 841 744 906 praetor
763 831 938 902 emendavit,
966 831 1037 887 sicut

65 923 154 980 supra
178 904 282 960 dictum
306 912 368 976 est,
393 902 444 959 sed
471 904 498 959 in
525 921 771 979 eorumquoque,
797 905 1036 978 quitestamento

66 979 145 1034 sacto
162 979 342 1035 decesserint.
369 995 433 1034 nam
454 979 476 1032 si
497 977 603 1035 alienus
621 988 766 1053 postumus
785 977 868 1034 heres
887 977 978 1036 suerit
991 979 1037 1034 in-

65 1053 201 1126 stitutus,
223 1053 349 1129 quamvis
369 1051 553 1108 hereditatem
576 1054 636 1108 iure
658 1052 728 1108 civili
747 1051 825 1108 adire
841 1071 896 1108 non
914 1063 1036 1127 poterat,

65 1147 132 1182 cum
152 1128 286 1183 institutio
307 1143 364 1182 non
384 1127 514 1195 valebat,
537 1127 687 1183 honorario
710 1139 803 1182 tamen
821 1127 882 1183 inre
898 1127 1035 1183 bonorum

66 1219 214 1276 possessor
241 1201 428 1273 efficiebatur,
455 1201 585 1258 videlicet
610 1220 672 1257 cum
693 1219 710 1256 a
728 1210 860 1276 praetore
880 1201 1037 1268 adiuvaba-

67 1287 131 1332 tur:
158 1275 207 1332 sed
235 1286 263 1332 et
289 1275 335 1330 hic
360 1293 377 1330 u
403 1285 500 1331 nostra
525 1275 722 1332 constitutione
746 1274 831 1331 bodie
859 1285 935 1332 recte
954 1275 1037 1332 heres

67 1349 235 1422 instituitur,
256 1349 334 1426 quasi
354 1360 382 1404 et
401 1351 460 1404 iure
481 1349 551 1404 civili
565 1369 619 1406 non
635 1351 792 1422 incognitus
804 1351 841 1422 ²).
877 1349 1062 1426 Aliquandot

65 1436 163 1480 tamen
188 1441 279 1500 neque
307 1422 492 1496 emendandi,
520 1441 614 1498 neque
633 1423 818 1498 impugnandi
838 1424 939 1480 veteris
959 1423 1036 1496 iuris,

63 1497 118 1554 sed
138 1499 227 1574 magis
247 1497 431 1554 confirmandi
452 1497 541 1572 gratia
562 1497 708 1571 pollicetur
726 1499 863 1554 bonorum
881 1498 1038 1572 possessio-

66 1591 143 1629 nem.
171 1591 237 1628 nam
257 1573 309 1628 illis
329 1589 455 1647 quoque,
476 1572 524 1646 qui
541 1582 617 1628 recte
635 1571 711 1627 lacto
730 1581 897 1628 testamento
917 1573 1036 1628 heredes

66 1647 187 1702 instituti
207 1658 279 1719 sunt,
301 1645 350 1701 dat
367 1645 520 1701 secuudum
536 1646 644 1702 tabulas
661 1647 798 1701 bonorum
815 1647 1037 1720 possessionem

66 1722 135 1776 item
155 1722 191 1776 ab
212 1722 342 1777 intestato
360 1739 424 1775 suos
442 1718 562 1775 heredes
583 1729 611 1775 et
630 1730 748 1794 agnatos
764 1719 799 1774 ad
818 1723 953 1776 bonorum
969 1740 1038 1796 pos-

65 1795 222 1851 sessionem
242 1804 337 1852 vocat:
367 1793 416 1849 sed
438 1804 481 1866 et,
503 1804 611 1849 remota
632 1811 745 1869 quoque
765 1795 901 1850 bonorum
922 1813 1037 1868 posses-

65 1870 164 1939 sione,
183 1869 219 1925 ad
240 1883 288 1926 eos
307 1868 449 1924 hereditas
469 1869 591 1942 pertinet
607 1869 667 1924 iure
687 1867 805 1942 cirili³).
843 1867 923 1934 Quos
940 1879 1064 1930 autentu

66 1953 186 2017 praetor
211 1937 286 2000 solus
311 1951 392 1998 vocat
415 1942 449 1997 ad
470 1941 672 2010 hereditatem,
698 1941 817 1998 heredes
840 1941 953 2016 quidem
972 1943 1034 2018 ipso

65 2019 131 2074 iure
156 2036 213 2073 non
237 2017 317 2073 liunt.
356 2034 420 2072 nam
446 2027 561 2091 praetor
580 2015 712 2071 heredem
732 2015 827 2071 lacere
848 2035 901 2072 non
923 2017 1036 2090 potestz'

65 2109 122 2166 per
145 2091 236 2166 legem
262 2091 335 2148 enim
361 2101 485 2162 tuntum,
511 2090 555 2146 vel
581 2089 697 2146 similem
724 2091 790 2145 iuris
810 2091 1034 2146 constitutionem

64 2165 188 2222 heredes
209 2165 300 2236 liunt,
322 2164 405 2222 veluti
426 2181 478 2240 per
498 2165 766 2220 senatusconsultum
781 2174 809 2219 et
825 2164 1035 2220 constitutiones

64 2239 253 2316 principales3
282 2238 331 2295 sed
357 2258 418 2295 curn
447 2239 486 2293 eis
513 2250 627 2312 praetor
652 2237 700 2293 dat
721 2239 857 2294 bonorum
880 2240 1035 2313 possessio-

64 2332 151 2388 nem,
185 2315 245 2371 loco
272 2313 406 2369 heredum
437 2315 656 2384 constituuntur,
684 2323 712 2368 et
739 2322 872 2368 vocantur
898 2314 1033 2368 bonorum

65 2405 245 2464 possessores
255 2383 293 2462 ⁴).
317 2386 409 2442 adbuc
422 2397 515 2442 autem
533 2397 560 2442 et
575 2386 644 2442 alios
659 2387 815 2460 complures
831 2386 934 2460 gradus
950 2405 1036 2460 prae-

65 2474 115 2518 tor
134 2461 200 2518 lecit
220 2463 250 2517 in
270 2463 406 2518 bonorum
423 2461 643 2535 possessionibus
662 2460 779 2528 dandis,
801 2461 866 2515 dum
882 2461 909 2516 id
924 2462 1035 2536 agebat,

66 2537 184 2611 nequis
203 2537 262 2591 sine
282 2553 442 2592 successore
460 2530 649 2609 rnoriatur⁵):
670 2554 734 2591 nam
756 2536 955 2608 angustissimis
970 2534 1036 2590 fini-

68 2612 124 2665 bus
151 2611 329 2666 constitutum
355 2625 407 2684 per
424 2608 516 2684 legem
537 2609 685 2666 duodecim
706 2609 862 2664 tabularum
882 2610 924 2664 ius
943 2610 1036 2684 perci-

65 2685 237 2760 piendarum
255 2683 441 2740 hereditatum
462 2693 576 2759 praetor
595 2701 631 2738 ex
650 2683 725 2739 bonu
747 2692 775 2738 et
793 2700 883 2758 aequo
901 2683 1034 2740 dilatavit.

66 2759 144 2816 Sunt
172 2768 265 2815 autem
294 2760 430 2814 bonorum
457 2757 647 2832 possessiones
674 2775 709 2813 ex
735 2766 902 2813 testamento
923 2756 1064 2830 quideme

65 2835 134 2890 bae.
154 2834 261 2907 prima,
282 2849 355 2906 quae
376 2831 534 2906 praeteritis
552 2830 647 2886 liberis
667 2831 766 2899 datur,
786 2841 955 2906 vocaturque
971 2847 1037 2887 cou-

65 2916 115 2964 Iro
133 2905 245 2964 tubulus.
271 2905 412 2973 secunda,
431 2923 514 2980 quam
535 2905 662 2960 omnibus
678 2905 738 2960 iure
756 2904 865 2980 scriptis
884 2903 1036 2960 heredibus

65 2991 187 3057 praetor
212 2981 374 3057 pollicetur,
400 2979 521 3054 ideoque
547 2989 662 3034 vocatur
687 2977 831 3036 rodrudum
849 2976 961 3040 tabidus.
998 2978 1037 3034 Et

65 3075 133 3112 cum
154 3055 189 3110 de
209 3054 381 3111 testamentis
403 3053 479 3128 prius
499 3054 608 3109 locutus
628 3061 684 3126 est,
711 3051 747 3108 ad
768 3053 913 3109 intestatos
933 3054 1037 3110 transi·

66 3127 231 3186 tum-fecit.
270 3139 298 3183 et
323 3128 413 3203 primo
439 3127 500 3183 loco
527 3128 583 3184 suis
606 3126 772 3194 heredibus,
799 3127 903 3200 ethis,
929 3129 976 3202 qui
999 3146 1036 3184 ex

62 3203 164 3260 edicto
183 3202 321 3278 praetoris
340 3203 396 3257 suis
416 3211 670 3271 connumerantur,
695 3201 744 3258 dat
766 3202 902 3258 bonorum
924 3219 1038 3277 posses·

64 3279 196 3351 sionem,
223 3295 297 3352 quae
316 3284 431 3331 vocatur
453 3274 522 3332 undo
541 3273 624 3332 libori.
663 3273 786 3332 secundo
805 3274 934 3350 legitimis
952 3275 1039 3332 bere-

65 3353 162 3407 dibus.
200 3351 282 3408 tertio
309 3350 406 3406 decem
434 3350 574 3423 personis,
597 3367 667 3424 quas
687 3360 821 3406 extraneo
841 3348 1036 3404 manumissori

81 3525 190 3577 ·'llcai.
211 3527 259 3580 ΙΙΙ,
280 3525 410 3571 demtis.
438 3524 535 3577 Ulnian.
570 3525 659 3570 n.1.u.
676 3523 778 3578 S.1.-
807 3524 1035 3580 I)1).n.1.t.e.;

69 3583 179 3626 XXVIII.
199 3583 228 3626 u.
238 3583 268 3626 de
280 3582 534 3636 bonnossXXXVlI,
571 3583 601 3624 de
615 3591 682 3634 poss.
697 3583 747 3624 uer.
762 3583 810 3634 net.
825 3581 855 3636 V,
871 3582 893 3624 5.
913 3581 929 3624 1.
947 3582 981 3634 t.;
1005 3583 1036 3625 de

71 3641 93 3682 1.
109 3643 133 3684 et
147 3637 192 3683 titt.
207 3649 274 3694 seno.
305 3639 331 3684 G.
339 3639 385 3694 uui
399 3637 492 3683 admitti
505 3639 536 3681 ad
570 3637 663 3690 regulis
677 3636 737 3681 Iuris
752 3637 780 3694 L,
798 3637 835 3682 17.
850 3637 866 3681 l.
884 3637 935 3680 ttt.
953 3659 980 3668 -
1009 3640 1034 3689 u)

69 3696 126 3740 trun.
146 3705 253 3747 possess.
268 3697 315 3748 vl,
330 3695 352 3740 9.
376 3717 404 3727 -·
433 3696 456 3746 Ι)
471 3697 490 3738 1.
507 3695 536 3738 de
570 3695 599 3737 I).
621 3695 651 3736 de
671 3703 776 3738 success.
798 3695 836 3738 ed.
856 3694 990 3750 XXXVIII,
1011 3693 1036 3740 9.

69 3754 119 3804 teg.
135 3753 166 3809 11,
182 3751 220 3795 20.
238 3751 263 3806 S.
278 3752 437 3796 26...28.-
466 3752 535 3802 till).
571 3751 673 3804 I.I.nr.
730 3769 733 3774 ·
