2548 4342
251 299 294 362 76
335 298 484 358 Insrrrnr.
516 293 563 354 De
582 261 746 354 amanen.
763 311 908 357 prunnon.
927 293 969 364 ll,
990 299 1040 351 ta.
1061 291 1093 374 ξ.
1108 293 1212 354 5-5.

252 447 356 517 hlium,
382 455 465 504 etex
489 465 523 501 eo
543 453 674 518 nepotem
695 452 860 518 neptemre,
889 441 917 496 in
937 450 1079 516 potestate
1098 441 1214 511 habeat,

253 521 319 596 quia
337 519 410 578 filins
425 519 513 594 gradu
532 516 691 594 praecedit,
716 517 739 571 is
756 517 829 572 solus
849 517 910 570 iura
930 515 972 570 sui
991 514 1104 572 heredis
1123 515 1217 584 habet,

253 595 378 670 quamvis
397 611 487 668 nepos
508 609 621 666 quoque
639 600 669 646 et
687 591 777 664 neptis
797 607 832 645 ex
854 605 889 644 eo
909 588 937 644 in
957 588 1058 646 eadem
1099 597 1213 646 otestate

252 667 412 742 sunt31ed
435 667 458 722 si
477 665 549 722 filius
569 666 627 721 eius
648 665 707 719 rivo
727 682 762 719 eo
782 663 933 735 moriatur,
954 673 1003 718 aut
1023 682 1059 738 qu
1091 664 1149 718 ibet
1166 661 1216 716 aha

252 743 360 798 ratione
385 750 469 796 exeat
494 739 530 794 de
558 746 697 813 potestate
718 738 794 805 eius,
820 736 917 810 incipit
935 755 1023 810 nepos
1043 755 1081 792 ne
1104 738 1174 792 tisre
1191 736 1216 788 in

253 816 313 872 eius
335 815 426 870 locum
453 811 623 880 succedere,
649 821 678 866 et
703 829 738 866 eo
764 809 848 866 modo
869 810 930 865 iura
949 829 1062 866 suorum
1082 756 1217 866 heredum

254 887 333 965 quasi
354 887 504 962 agnatione
523 887 726 942 nanciscuntur.
764 902 801 940 ne
821 901 889 957 ergo
910 901 945 939 eo
966 885 1051 939 modo
1073 893 1219 959 rumpatur

252 962 313 1018 eius
339 970 554 1034 testamentum,
583 960 654 1015 sicut
679 959 771 1026 ipsum
797 956 884 1012 filium
910 957 953 1013 vel
978 957 1113 1014 heredem
1141 958 1219 1012 insti-

253 1045 353 1102 tuere,
377 1034 421 1090 vel
447 1033 609 1090 nominatim
638 1031 814 1088 exheredare
835 1031 921 1086 debet
945 1041 1078 1100 testator,
1106 1049 1143 1087 ne
1163 1049 1217 1086 non

253 1109 313 1164 iure
340 1108 426 1164 saciat
451 1117 647 1164 testamentum
673 1106 711 1160 ita
731 1115 760 1160 et
784 1115 916 1179 nepotem
940 1115 1089 1180 neptemre
1109 1124 1147 1161 ex
1166 1105 1219 1159 fitio

253 1199 367 1238 necesse
394 1191 435 1237 est
460 1183 485 1237 ei
506 1184 549 1238 vel
566 1178 700 1236 heredem
721 1178 881 1246 instituere,
904 1179 946 1234 vel
965 1179 1162 1250 exheredare,
1187 1196 1219 1233 ne

253 1255 342 1327 sorte,
360 1256 421 1311 rivo
436 1273 469 1310 eo
484 1254 541 1310 filio
556 1263 681 1325 mortuo,
702 1251 878 1309 succedendo
897 1253 926 1307 in
945 1253 1036 1309 locum
1053 1254 1116 1308 eius
1133 1269 1219 1326 nepos

253 1330 394 1404 neptisve,
415 1329 494 1402 quasi
513 1327 662 1402 agnatione
681 1336 813 1401 rumpant
826 1336 1032 1382 testamentum.
1053 1327 1142 1402 idque
1158 1327 1216 1398 iege

252 1403 332 1458 lunia
342 1399 369 1477 ¹²)
399 1401 506 1456 Velleia
526 1401 665 1476 provisum
686 1409 742 1472 est,
770 1400 799 1454 in
818 1417 873 1475 qua
893 1400 974 1455 simul
993 1399 1219 1456 exheredationis

224 1493 241 1536 a
254 1476 354 1532 modus
365 1474 400 1530 ad
412 1475 616 1530 similitudinem
629 1483 821 1548 postumorum
832 1473 1039 1529 demonstratur
1050 1475 1087 1549 ⁴).
1115 1473 1217 1529 Eman-

255 1550 362 1623 cipatos
387 1548 488 1602 liberos
514 1549 575 1604 iure
599 1547 668 1603 ciriii
688 1565 782 1621 neque
801 1546 920 1603 ireredes
940 1548 1103 1620 instituere,
1131 1563 1217 1621 neque

254 1621 429 1678 exheredare
448 1639 560 1678 necesse
577 1631 632 1694 est,
653 1621 786 1697 quianon
798 1621 913 1676 suntsui
925 1621 1052 1678 heredes.
1073 1621 1126 1676 sed
1139 1637 1215 1697 prae-

254 1705 299 1750 tor
317 1713 429 1766 omnes,
450 1706 506 1751 tam
525 1695 652 1752 seminini
669 1713 753 1750 sexus
774 1712 857 1770 quarn
879 1696 1040 1767 masculini,
1061 1695 1084 1750 si
1103 1695 1217 1750 heredes

253 1783 311 1824 non
328 1769 521 1842 instituantur,
542 1768 711 1826 exiteredari
729 1769 827 1839 iubet,
850 1769 931 1824 virilis
949 1788 1033 1836 sexus
1046 1769 1217 1834 nominatim,

253 1842 378 1898 seminini
405 1861 471 1899 vero
498 1854 526 1900 et
553 1845 626 1899 inter
653 1850 770 1898 ceteros.
809 1843 909 1916 quodsi
920 1839 945 1918 ·)
978 1861 1072 1918 neque
1102 1842 1218 1900 heredes

253 1917 368 1972 instituti
386 1915 507 1990 suerint,
534 1935 627 1992 neque
647 1915 703 1984 ita,
723 1923 753 1970 ut
774 1914 911 1984 diximus,
937 1917 1127 1988 exheredati,
1155 1934 1218 1992 pro-

252 1991 336 2046 mittit
344 1993 371 2060 ἃ)
392 2002 508 2065 praetor
528 1992 568 2047 eis
587 2000 684 2047 contra
703 1987 812 2045 tabulas
827 1991 986 2046 testamenti
1001 1989 1140 2046 bonorum
1158 2009 1218 2067 pos-

225 2065 412 2120 tsessionem.
450 2064 580 2139 Adoptiri
601 2063 695 2134 liberi,
721 2063 854 2138 quamdiu
875 2073 939 2120 sunt
956 2065 983 2120 in
1006 2075 1150 2140 potestate
1170 2081 1219 2140 pa-

254 2138 302 2193 tris
329 2138 478 2211 adoptivi,
514 2137 638 2194 eiusdem
665 2135 731 2192 iuris
758 2137 914 2212 habentur,
947 2140 1024 2195 cuius
1051 2149 1118 2194 sunt
1145 2140 1219 2194 iustis

253 2211 357 2285 nuptiis
375 2211 508 2285 quaesiti:
529 2212 625 2287 itaque
639 2209 758 2266 heredes
772 2211 950 2281 instituendi,
969 2204 1219 2269 vel'exheredandi

254 2293 336 2354 sunt,
356 2283 507 2340 secundum
525 2303 567 2356 ea,
588 2303 661 2361 qnae
676 2283 711 2340 de
725 2285 896 2342 naturalibus
911 2287 1101 2360 exposuimus.
1123 2305 1219 2342 ernan—
1271 2346 1272 2351 χ

255 2358 340 2431 cipati
367 2374 433 2412 vero
461 2376 478 2412 a
506 2367 586 2431 patre
614 2359 764 2433 adoptivo,
798 2377 890 2434 neque
918 2361 978 2416 iure
1007 2361 1096 2428 civili,
1129 2377 1219 2436 neque

255 2429 330 2506 quod
352 2431 388 2486 ad
409 2430 528 2487 edictum
549 2434 686 2507 praetoris
706 2433 820 2502 attinet,
849 2435 922 2490 inter
947 2433 1049 2490 liberos
1068 2453 1219 2490 numeran-

254 2514 309 2560 tur.
345 2504 410 2570 Qua
430 2505 537 2560 ratione
557 2506 674 2577 accidit,
696 2515 725 2562 ut
743 2523 778 2560 ex
796 2505 922 2575 diverso,
949 2508 1025 2583 quod
1047 2507 1083 2563 ad
1103 2519 1221 2564 natura-

253 2577 307 2632 lem
338 2589 483 2652 parentem
511 2581 632 2652 attinet,
663 2579 795 2654 quamdiu
823 2581 935 2654 quidem
964 2583 1064 2637 sintin
1086 2581 1219 2658 adoptiva

253 2650 374 2723 familia,
395 2663 593 2709 extraneorum
614 2671 730 2709 numero
748 2652 921 2727 habeantur,
939 2665 970 2710 ut
989 2674 1038 2711 eos
1058 2673 1152 2730 neque
1172 2657 1221 2712 he-
1271 2720 1272 2727 ἵ

253 2725 335 2782 redes
356 2727 517 2798 instituere,
544 2745 636 2802 neque
657 2725 832 2782 exheredare
850 2747 965 2786 necesse
987 2731 1031 2786 sit.
1069 2747 1221 2785 sumsero

253 2801 421 2875 emancipati
441 2800 545 2856 suerint
565 2804 601 2857 ab
621 2799 753 2874 adoptivo
772 2811 873 2876 patre,
897 2813 962 2859 tunc
981 2803 1118 2878 incipiunt
1138 2805 1168 2859 in
1189 2821 1220 2858 ea

253 2891 338 2928 causa
360 2893 438 2946 esse,
459 2875 487 2929 in
507 2891 563 2950 qua
582 2874 668 2931 futuri
689 2882 800 2942 essent,
819 2875 841 2930 si
862 2875 897 2931 ab
918 2877 980 2952 ipso
1000 2877 1120 2933 naturali
1141 2888 1220 2952 patre

223 2948 419 3022 ternancipati
438 2947 555 3004 fuissent
566 2945 603 3024 ⁶).
648 2947 706 3002 Sed
727 2947 797 3003 iraec
815 2949 927 3024 quidem
949 2959 1070 3007 vetustas
1090 2949 1219 3006 introdu-

252 3021 343 3075 cebat.
371 3031 464 3076 nostra
485 3041 552 3078 vero
573 3021 731 3078 constitutio
752 3021 824 3077 inter
844 3025 981 3080 masculos
1002 3033 1031 3081 et
1050 3024 1173 3080 seminas
1192 3025 1218 3078 in

252 3091 306 3148 hoc
325 3093 385 3148 iure
406 3094 473 3149 nihil
497 3096 632 3150 interesse
657 3095 838 3167 existimans,
870 3099 936 3173 quia
956 3109 1074 3174 utraque
1097 3117 1217 3173 persona

252 3167 281 3220 in
301 3165 443 3222 hominum
468 3170 664 3242 procreatione
690 3169 815 3225 similiter
837 3182 953 3229 naturae
973 3172 1064 3229 officio
1082 3171 1219 3247 fungitur,
1270 3181 1271 3230 ἶ

252 3249 282 3294 et
309 3239 372 3314 iege
401 3241 516 3316 antiqua
543 3242 690 3298 duodecim
717 3244 874 3301 tabularum
902 3265 997 3302 omnes
1027 3247 1154 3302 similiter
1183 3245 1216 3300 ad
1271 3250 1272 3269 ¹

252 3315 440 3370 successiones
474 3319 509 3373 ab
536 3317 666 3372 intestato
695 3315 880 3393 vocabantur,
915 3321 990 3396 quod
1018 3329 1046 3376 et
1072 3330 1220 3395 praetores

308 3475 331 3526 h)
346 3475 412 3518 lutto.
429 3497 456 3507 —-
486 3476 506 3526 u)
522 3477 562 3529 qui
575 3477 611 3529 si,
626 3476 680 3529 quta
694 3477 721 3518 st.
737 3497 765 3508 -
795 3477 817 3529 d)
833 3479 952 3528 perurunt.

279 3583 717 3644 tin.xxv111,rr.1.1a.-1.ne
753 3588 874 3640 s.d...8.
896 3611 924 3620 -
953 3592 977 3641 5)
993 3591 1022 3633 l).
1039 3591 1136 3634 debon.
1154 3601 1217 3644 pora.

250 3642 332 3684 hered.
347 3643 410 3694 qual.
426 3645 459 3695 lt,
479 3643 514 3686 nt.
530 3643 554 3698 S.
570 3644 605 3697 23
628 3644 657 3686 de
672 3645 716 3686 he·
751 3654 770 3686 n.
785 3646 990 3700 ran.xxxv11,4.
1012 3647 1038 3690 C.
1054 3647 1162 3702 eod.V1,
1182 3647 1217 3690 12.

252 3697 540 3750 restaurarentur,
559 3701 578 3742 1.
596 3700 658 3753 §.a
687 3700 715 3744 Ι),
752 3722 777 3730 -
800 3701 824 3752 n)
846 3705 862 3745 1.
886 3703 915 3744 de
936 3704 1016 3748 hcrcd.
1039 3713 1101 3757 qnae
1123 3704 1153 3747 aa
1177 3703 1216 3746 tut.

250 3753 281 3795 de
296 3753 347 3796 suis
363 3757 386 3799 et
400 3755 466 3809 legit.
479 3757 607 3813 xxxvnr,
619 3755 654 3800 ¹6.
669 3756 684 3798 1.
696 3759 715 3799 t.
751 3758 791 3816 ΙΙΙ,
809 3759 829 3801 1.
846 3760 870 3811 s.
890 3759 1001 3805 10...12.

189 4201 335 4304 ,mm
481 4218 557 4304 Ι
954 4225 957 4232 ,
