2520 4328
1070 25 1212 120 ,1,

261 273 325 338 126
370 273 521 332 lusrrrur.
553 271 603 332 Du
621 289 733 332 soson.
751 290 889 333 nossnss.
914 273 971 344 111,
986 279 1017 332 9.
1036 273 1126 354 (to.)
1156 275 1196 357 ξ.
1215 284 1248 336 t.

262 423 442 498 praeferebat
465 424 543 490 (sunt
564 434 658 480 autem
677 424 775 480 decem
796 439 934 498 personae
953 421 1025 480 bae:
1046 437 1154 499 pater,
1180 445 1251 482 ma-

262 513 321 568 ter,
346 516 431 571 arus,
458 499 542 568 aria,
571 509 627 552 tom
645 499 771 573 paterni,
797 516 881 586 quam
901 499 1037 568 materni3
1058 499 1128 556 item
1154 499 1250 569 filius,

262 571 335 644 fitia,
363 590 470 647 nepos,
497 572 609 646 neptis,
636 581 692 627 tarn
717 591 752 628 ex
773 571 846 641 fibo,
867 589 952 659 quam
970 588 1006 629 ex
1025 572 1105 648 iiiia3
1133 573 1249 644 frater,

262 666 360 719 soror,
389 649 446 702 sire
474 647 690 720 consanguinei,
724 647 782 701 sire
810 643 933 720 uterini).
970 659 1070 722 quarto
1104 651 1250 724 cognatis

262 723 405 797 proximis.
445 721 541 796 quinto
561 716 732 797 tomrprorut)
753 737 788 776 erc
805 719 922 792 fomiiio.
956 732 1036 777 sexto
1057 734 1197 795 patrono
1220 737 1248 778 et

262 809 415 870 patronae,
437 795 586 870 liberisque
605 813 701 850 eorum
721 807 749 849 et
770 796 941 869 parentibus.
980 796 1103 868 septimo
1124 798 1197 853 viro
1219 813 1249 854 et

263 866 393 944 uxori⁶).
432 881 531 925 octavo
555 871 682 944 cognatis
706 870 914 924 manumissoris
926 866 963 946 ⁷).
1003 869 1061 926 Sed
1090 888 1145 926 eas
1178 875 1249 947 qni-

262 946 326 1001 dem
347 946 489 1018 praetoria
508 943 617 999 induxit
636 943 796 999 iurisdictio.
833 942 924 999 Nobis
944 954 1036 1000 tamen
1058 943 1128 1000 nibil
1155 947 1249 1001 incu-

263 1020 365 1073 riosum
385 1019 610 1093 praetermissum
627 1028 678 1090 cst,
697 1019 746 1074 sed
763 1019 862 1073 nostris
877 1019 1120 1074 constitutionibus
1138 1023 1246 1075 ornnia

263 1093 455 1166 corrigentes,
476 1100 569 1150 contro
587 1091 693 1150 tabulas
711 1091 823 1168 quidem
841 1103 869 1148 et
887 1091 1030 1149 serrandum
1047 1091 1166 1150 teberius
1191 1097 1244 1150 bo-

262 1181 361 1222 norum
389 1169 578 1242 possessiones
608 1167 784 1238 admisimus,
814 1178 911 1241 utpote
931 1167 1105 1224 necessarias
1125 1172 1244 1224 consti-

262 1249 355 1311 tutas,
386 1260 439 1298 nec
463 1261 518 1298 non
547 1243 582 1298 ab
608 1243 756 1312 intestato,
779 1239 850 1298 rande
866 1239 955 1312 iiber-i,
978 1252 1006 1296 et
1025 1240 1097 1298 trade
1119 1240 1244 1316 legitimi

260 1315 397 1371 bonorum
432 1317 632 1391 possessiones.
670 1333 742 1391 quae
777 1326 870 1371 autem
907 1317 934 1370 in
968 1314 1109 1390 praetoris
1142 1318 1243 1373 edicto

260 1390 357 1464 quinto
376 1390 439 1446 luco
459 1391 551 1465 posita
569 1389 679 1461 suerat,
699 1389 727 1445 id
747 1400 789 1445 est
807 1388 877 1445 unde
896 1388 984 1446 decem
1002 1407 1152 1464 personne,
1177 1411 1239 1447 eam

260 1464 308 1538 pio
329 1465 474 1540 proposito
493 1474 522 1519 et
542 1463 743 1538 compendioso
762 1481 891 1520 sermone
911 1481 1116 1539 supervacuam
1136 1475 1239 1522 osten-

261 1537 368 1596 dimus:
394 1557 456 1593 cum
484 1538 557 1594 enim
578 1536 706 1613 praefata
726 1540 860 1593 bonorum
882 1538 1018 1611 possessio
1039 1537 1144 1594 decern
1171 1559 1238 1615 per-

260 1630 345 1668 sonas
370 1614 565 1688 praeponebat
592 1623 728 1668 extraneo
755 1613 971 1682 manumissori,
1001 1623 1098 1668 nostra
1124 1616 1236 1670 consri-

261 1687 349 1759 tutio,
373 1704 455 1761 quam
477 1687 513 1742 de
532 1687 757 1762 emancipatione
776 1687 925 1742 liberorum
945 1684 1078 1758 fecimus,
1100 1690 1236 1743 omnibus

260 1761 424 1834 parentibus
445 1761 608 1837 eisdemque
629 1761 875 1817 manumissoribus
891 1769 1032 1816 contracta
1046 1759 1159 1819 fiducia
1175 1783 1234 1818 ma-

262 1835 460 1892 numissionem
480 1835 574 1892 facere
595 1835 693 1908 dedit,
723 1845 753 1892 ut
772 1835 834 1910 ipsa
854 1835 1032 1890 manumissio
1056 1854 1162 1892 eorrrm
1184 1839 1235 1892 hoc

262 1909 290 1964 in
310 1927 341 1966 se
361 1909 465 1966 babeat
486 1911 678 1985 privilegium,
702 1919 730 1966 et
746 1926 920 1985 supervacua
940 1908 990 1964 frat
1008 1909 1162 1996 praedicta
1184 1913 1234 1967 bo-

263 2002 362 2040 norum
384 1986 532 2059 possessio.
570 1984 679 2039 sublata
705 1984 790 2058 igitur
815 1982 944 2058 praefata
969 1992 1065 2058 quinta
1090 1985 1233 2040 bonorum

261 2060 460 2134 possessione,
488 2058 518 2113 in
542 2058 659 2132 gradum
685 2059 745 2114 eius
770 2069 878 2113 sextam
898 2067 981 2113 antea
1001 2057 1144 2114 {sonorum
1166 2079 1226 2134 pos

262 2135 414 2189 sessionem
440 2131 615 2205 induximus,
640 2143 668 2189 et
693 2133 817 2208 quintam
844 2132 980 2203 fecimus,
1008 2149 1094 2206 quam
1115 2147 1228 2208 praetor

219 2215 253 2269 (a)
262 2207 397 2281 proximis
423 2207 549 2279 cognatis
574 2206 730 2282 poiiicetur.
768 2223 887 2281 cumque
914 2215 996 2262 antea
1020 2208 1146 2280 septimo
1172 2210 1232 2264 ioco
1257 2215 1258 2219 ’

261 2282 355 2336 scierat
376 2282 511 2336 bonorum
532 2282 671 2355 possessio
691 2277 861 2356 tamquam·)
883 2297 918 2336 en
935 2277 1057 2352 familia,
1082 2291 1111 2337 et
1129 2294 1230 2338 octavo

261 2354 332 2411 unde
347 2351 458 2429 tinent)
479 2359 586 2430 patroni
604 2364 782 2432 patronaeque
799 2361 824 2410 et
842 2360 967 2430 parentes
985 2371 1098 2426 eortina,
1119 2367 1230 2412 utram-

263 2446 318 2504 que
341 2447 393 2503 per
413 2431 635 2487 constitutionem
657 2441 796 2499 nostram,
820 2447 903 2503 quam
925 2428 960 2484 de
981 2429 1041 2484 iure
1063 2439 1230 2502 patronatus

262 2503 396 2574 fecimus,
421 2504 532 2577 penitus
556 2505 747 2562 vacuarimus:
775 2522 837 2558 cum
863 2503 936 2559 enim
960 2503 995 2558 ad
1019 2503 1229 2560 similitudinem

262 2578 443 2634 successionis
462 2578 645 2652 ingenuorum
666 2578 855 2634 libertinorum
872 2578 1059 2633 successiones
1074 2579 1229 2651 posuimus,
1251 2615 1252 2618 =

260 2669 332 2727 quas
358 2670 446 2726 usque
473 2653 508 2708 ad
533 2655 657 2729 quintum
682 2653 875 2707 tantummodo
895 2652 1011 2724 gradum
1031 2654 1228 2722 coartarimus,
1250 2681 1251 2684 ¹

262 2738 293 2782 ut
317 2726 352 2782 sir
379 2727 471 2801 atiquo
491 2727 563 2783 inter
581 2729 717 2800 ingenuos
737 2737 764 2781 et
783 2727 897 2782 libertus
917 2723 1098 2798 differentia,
1126 2727 1229 2784 sufficit

262 2802 303 2856 eis
328 2810 385 2856 tam
408 2807 499 2858 contra
523 2800 626 2858 tabidos
651 2802 786 2856 bonorum
808 2801 963 2876 possessio,
989 2818 1071 2875 quarn
1096 2801 1169 2858 uredo
1189 2800 1249 2885 lo,

262 2877 349 2949 print
366 2885 394 2929 et
411 2873 481 2930 unde
500 2877 619 2949 connati,
648 2893 683 2930 ex
709 2875 809 2950 quibus
838 2875 945 2950 possint
971 2891 1020 2932 sua
1049 2875 1109 2929 iura
1134 2877 1247 2953 vindi-,

264 2967 350 3019 care,
383 2951 457 3004 omni
484 2949 697 3023 scrupulositate
725 2961 753 3004 et
779 2949 963 3005 inextricabili
987 2965 1082 3004 errore
1105 2947 1246 3020 duarum,

221 3023 379 3082 <mistarum
408 3025 543 3079 bonorum
570 3023 774 3098 possessionum
802 3024 932 3078 resoluta.
971 3021 1052 3078 aliam
1081 3040 1146 3078 vero
1174 3025 1245 3097 bo-,i

263 3116 362 3154 norum
383 3098 603 3173 possessionem,
628 3115 701 3172 quae
720 3096 790 3154 unde
806 3099 848 3154 sir
866 3104 892 3154 et
909 3113 978 3154 naor
996 3095 1171 3171 appellatur,
1199 3111 1226 3154 et

263 3191 338 3228 nono
357 3173 418 3228 loco
437 3174 510 3227 inter
527 3183 634 3226 veteres
655 3171 791 3228 bonorum
811 3172 998 3246 possessiones
1015 3170 1105 3245 posita
1121 3170 1234 3249 suerat„

264 3259 292 3301 et
312 3247 339 3302 iu
361 3266 411 3302 suo
429 3248 525 3320 vigore
543 3247 726 3318 servavimus,
756 3256 784 3302 et
803 3246 901 3301 altiore
919 3245 998 3316 ioco,
1026 3243 1112 3300 idest
1132 3259 1234 3314 sexto,¹

264 3339 326 3377 etam
346 3321 513 3396 posuimus,
542 3319 651 3376 decima
672 3321 757 3376 veteri
774 3320 911 3375 bonorum
933 3319 1120 3392 possessione,
1150 3339 1222 3396 quae

263 3450 481 3460 -——-—--

263 3519 474 3628 musqotqvptqunm
488 3515 709 3624 qptqeftrqpbqrqomc
733 3517 777 3557 tort
792 3521 852 3569 qrro,·
874 3513 922 3554 trun
936 3511 990 3568 qui,·
1011 3511 1059 3554 bon
1074 3517 1154 3568 wear,
1174 3514 1224 3555 teon

291 3697 316 3743 (it
328 3698 356 3738 t).
367 3697 428 3740 irrina
441 3696 478 3740 vir
492 3699 516 3741 et
526 3706 589 3740 uxor
600 3695 727 3748 XXXVIII,
764 3693 827 3745 pion.
840 3690 941 3736 tnsrtrnt.
951 3691 977 3735 in
988 3691 1075 3737 Callet.
1088 3693 1149 3745 legg
1161 3695 1211 3736 Mos

264 3759 302 3797 tt.
333 3753 606 3810 c.eou.v1,re.·-
643 3751 726 3802 nul·
761 3755 786 3794 et
802 3751 870 3792 Rom.
885 3749 948 3805 XVI,
964 3748 986 3792 9.
