2566 4344
222 302 287 369 160
333 302 483 362 tuamor.
512 298 561 359 De
579 317 727 360 uuunnro
743 300 802 372 lll,
814 303 865 356 26.
879 295 963 377 (27.)
980 296 1123 379 §.t-8.

197 469 273 512 troc
307 453 380 510 actio
411 453 542 510 nuscitur.
598 447 759 508 mandauit·
788 456 896 504 tentum
920 448 1011 523 gretia
1039 445 1198 503 intervenit

225 526 409 599 mundatum,
429 527 513 582 vetuti
531 525 554 580 si
573 526 636 601 quis
654 523 705 582 tibi
727 521 855 592 mandet,
878 529 909 578 ut
927 521 1042 594 negotia
1059 520 1121 578 eius
1137 537 1196 594 ge·

224 617 318 668 rerer,
341 601 384 658 rei
403 609 433 656 ut
452 597 570 656 fundum
589 600 615 655 ei
635 613 759 666 emeres,
784 595 827 651 rei
845 604 876 650 ut
897 611 949 669 pro
968 613 1003 651 eo
1023 593 1197 669 sponderet.

195 675 289 730 sTua
305 683 334 732 et
353 673 532 745 mandentis,
559 672 642 728 vetuti
658 673 682 728 ri
701 667 816 726 mandet
835 668 902 737 tibi,
921 678 951 723 ut
967 667 1117 744 pecuniam
1137 667 1197 723 sub

225 748 315 803 usuris
337 747 467 804 crederes
489 747 533 815 ei,
559 745 606 821 qui
625 746 653 801 iu
673 760 733 802 rent
757 742 844 820 ipsius
863 751 1058 811 mutuaretur,
1085 747 1138 796 aut
1159 741 1197 812 si,

224 821 336 877 volente
354 830 384 878 te
402 836 488 895 agere
505 837 568 877 cum
584 837 619 876 eo
632 837 669 876 er
683 816 859 876 fideiussoris«
873 831 976 884 cansa,
993 813 1111 871 mundet
1129 813 1197 884 tibi,

225 903 256 950 ut
274 911 337 950 cum
357 909 406 951 reo
426 910 494 968 eges
514 892 639 970 periculo
659 890 839 962 mandantis,
858 888 903 945 vel
918 897 950 944 ut
963 888 1049 964 ipsius
1063 886 1196 963 periculo

225 965 364 1044 stipulerir
390 967 427 1024 ab
454 984 508 1035 eo,
535 983 619 1043 quem
641 965 692 1021 tibi
715 963 828 1038 deleget
847 963 874 1018 in
896 961 941 1033 id,
967 961 1046 1039 quod
1066 961 1117 1017 tibi
1138 960 1196 1019 de-

196 1038 375 1115 ttbuerot³).
429 1039 526 1097 Aliena
557 1039 689 1110 autent)
720 1054 806 1095 cause
832 1036 981 1094 intervenit
1007 1034 1196 1107 mundatum,

226 1114 310 1172 vetuti
328 1114 351 1170 ri
371 1114 419 1170 tibi
439 1113 568 1186 mandet,
592 1123 623 1169 ut
636 1111 707 1168 Titii
725 1110 839 1185 negotia
860 1127 987 1186 gereres,
1007 1108 1052 1166 vel
1066 1119 1098 1165 ut
1111 1109 1196 1165 Titio

197 1187 344 1246 tiuudum
358 1205 481 1260 emeres,
501 1187 544 1245 vet
559 1195 590 1242 ut
604 1204 657 1261 pro
671 1185 749 1241 Titio
763 1203 777 1240 s
797 1183 927 1240 undet-es.
965 1182 1026 1240 Sus
1040 1191 1069 1240 et
1081 1182 1195 1254 aliene,

227 1263 310 1320 veluti
328 1262 353 1318 ri
374 1262 411 1318 de
429 1261 621 1318 communibus
640 1259 697 1315 suis
716 1268 746 1315 et
792 1257 832 1314 itii
850 1256 969 1332 negotiis
987 1256 1122 1332 gerendis
1142 1257 1196 1312 tibi

228 1335 361 1403 mandet,
386 1335 430 1392 vel
455 1346 485 1391 ut
509 1335 562 1390 sibi
586 1341 615 1390 et
635 1332 713 1388 Titio
736 1331 854 1390 fundum
872 1347 998 1403 emeres,
1025 1329 1070 1386 vel
1090 1340 1122 1386 ut
1138 1347 1195 1406 pro

198 1423 263 1466 neo
283 1419 311 1466 et
324 1408 402 1465 Titio
420 1407 586 1482 sponderes.
623 1407 690 1462 Tua
709 1414 739 1462 et
757 1405 870 1478 eliens,
890 1404 974 1460 veluti
991 1404 1016 1460 si
1037 1404 1090 1460 tibi
1109 1421 1194 1460 mnn-
1273 1421 1274 1424 ¹

227 1483 292 1550 det,
320 1493 350 1538 ut
375 1482 452 1537 Titio
477 1481 529 1536 sub
557 1480 645 1535 usuris
668 1479 808 1536 crederes.
845 1477 946 1554 quodsi
972 1473 1069 1553 sine·)
1101 1478 1194 1533 usuris

228 1552 412 1628 crederes¹)‚
451 1553 543 1609 atiena
576 1562 682 1609 tantum
735 1553 806 1609 retia
837 1551 984 1608 intercedit
1014 1550 1193 1608 mandatum.

197 1628 333 1700 e'suu·)
359 1627 449 1700 gratia
471 1626 619 1682 intervenit
637 1645 701 1684 man
724 1635 822 1696 etum,
849 1625 932 1681 veluti
952 1625 975 1681 si
993 1625 1046 1680 tibi
1066 1624 1192 1695 mandet,

229 1710 259 1756 ut
278 1700 411 1776 pecunias
431 1710 492 1756 tuas
518 1701 610 1830 fotius
628 1701 656 1756 in
680 1701 839 1776 emptiones
861 1698 1041 1774 praediorum
1062 1699 1192 1768 colluces,

228 1791 312 1850 quem
331 1773 464 1846 feneres,
485 1791 517 1830 ve
546 1791 583 1831 ex
602 1773 730 1844 diverso,
748 1783 780 1829 ut
796 1772 909 1829 feneres
929 1773 1038 1859 poti-us,
1058 1791 1145 1848 quent
1165 1773 1192 1828 in

202 1905 210 1916 ,
228 1848 384 1924 emptiones
410 1847 588 1935 praediorum
616 1846 744 1904 colloces.
789 1846 877 1903 Cuius
896 1863 1007 1923 genens
1026 1846 1192 1902 mandatum

228 1922 316 2010 tnagis
342 1921 486 1978 consilium
515 1931 576 1990 est,
602 1939 687 1997 quam
706 1920 884 1994 mandatum,
912 1929 941 1977 et
960 1921 996 1976 ob
1017 1919 1047 1975 id
1067 1939 1127 1977 non
1151 1930 1194 1975 est

228 1996 442 2072 obligatorium:
469 1995 536 2071 quia
561 2012 645 2052 nemo
664 2011 701 2050 ex
721 1994 835 2051 consilio
857 1992 1013 2068 mendatis)
1039 1995 1193 2068 obligatur,

227 2070 336 2128 etiamsi
356 2087 412 2126 uon
432 2069 566 2144 expediet
586 2069 629 2140 ei,
648 2069 693 2124 cui
712 2067 882 2198 debitunt),
909 2086 971 2124 cuin
993 2068 1113 2124 tiberem
1134 2069 1194 2126 cui·

225 2163 283 2232 que
302 2144 353 2216 sit,
375 2143 451 2218 apud
472 2160 502 2199 se
522 2142 688 2218 explorare,
706 2159 745 2198 an
761 2159 835 2219 expe
857 2143 896 2198 iat
910 2141 1068 2199 consilium.
1097 2142 1194 2218 itaque

228 2237 252 2272 st
272 2218 390 2273 otiosum
410 2217 558 2291 pecuniam
578 2215 654 2272 domi
675 2225 703 2271 te
718 2216 866 2272 habentem
887 2215 1014 2272 hortatus
1032 2215 1122 2273 suerit
1142 2217 1194 2272 ati·
1272 2209 1273 2248 ³

228 2291 308 2365 quis,
328 2300 358 2346 ut
378 2309 438 2346 rem
458 2291 579 2378 aliquam
597 2305 722 2362 emeres,
743 2289 785 2346 vet
805 2306 868 2346 eam
886 2289 1037 2363 crederes,
1067 2290 1193 2365 quamvis

230 2381 287 2418 non
307 2364 441 2436 expediat
461 2365 532 2431 tibi,
555 2380 617 2419 eam
637 2363 753 2436 emisse,
771 2364 814 2419 vel
832 2362 1003 2435 credidisse,
1023 2372 1191 2420 nontamen

137 2460 140 2464 ·
231 2435 281 2490 tibi
301 2436 425 2492 mandati
445 2445 564 2492 tenetur.
604 2445 633 2492 et
651 2436 725 2492 adeo
745 2437 817 2494 hece
836 2437 875 2492 ita
891 2448 970 2510 sunt,
990 2446 1021 2492 ut
1054 2439 1191 2494 uaesitunt

232 2509 286 2579 sit,
316 2525 352 2564 an
370 2508 495 2565 mandati
514 2518 658 2580 tenentur,
680 2510 728 2586 qui
747 2509 889 2566 mandavit
907 2511 973 2581 tibi,
993 2519 1025 2566 ut
1072 2510 1121 2566 itio
1142 2528 1193 2586 pe-

232 2581 341 2638 cuniam
359 2581 521 2640 fenerares:
548 2581 598 2638 sed
618 2583 737 2640 obtinuit
755 2583 852 2642 Sebini
871 2585 1024 2657 sententia,
1050 2584 1191 2676 obligato·

232 2655 301 2712 rium
327 2673 388 2712 esse
415 2657 443 2711 iu
468 2655 522 2712 hoe
545 2673 610 2712 casu
636 2656 820 2730 mandatum,
848 2657 990 2733 quianon
1012 2657 1096 2715 aliter
1122 2658 1191 2714 sitin

201 2729 412 2799 teredidisses,
433 2748 517 2805 quam
536 2730 560 2786 si
579 2729 627 2784 tibi
646 2729 809 2787 mandatum
828 2742 901 2788 esset
912 2731 949 2804 ⁴).
987 2731 1057 2787 Illud
1078 2749 1192 2808 quoqne

231 2804 392 2861 mandatum
412 2823 467 2860 non
489 2814 532 2860 est
550 2803 763 2878 obligatorium,
782 2805 858 2882 quod
878 2817 976 2861 contra
993 2807 1083 2860 bonos
1099 2822 1192 2861 mores

230 2889 290 2948 est,
308 2877 391 2934 veluti
411 2878 434 2933 si
454 2877 547 2933 Titius
564 2877 600 2932 de
618 2877 709 2949 furto,
730 2888 778 2934 aut
794 2878 831 2936 de
850 2877 953 2934 damno
973 2878 1125 2946 faciendo,
1146 2889 1193 2934 aut

104 2956 106 2960 ‘
179 2993 195 3000 κ.
229 2953 267 3008 de
290 2952 392 3008 iniuria
413 2950 544 3008 facienda
564 2949 757 3008 tibimundet.
794 2952 859 3008 licet
875 2954 950 3008 euim
971 2969 1094 3028 poenam
1113 2952 1193 3007 istius

229 3023 297 3080 facti
313 3025 426 3081 nomine
447 3024 635 3099 praestiteris,
656 3033 827 3084 nontamen
848 3025 931 3083 uliam
950 3025 1038 3083 habes
1058 3023 1192 3082 adversus

232 3095 339 3151 Titium
356 3097 493 3153 actionem
504 3101 539 3168 ⁵).

203 3182 220 3226 e
288 3167 330 3235 ls,
354 3169 401 3244 qui
421 3171 570 3246 exequitur
586 3169 764 3243 mandatum,
783 3189 840 3228 nnn
859 3172 945 3230 debet
963 3172 1102 3230 excedere
1121 3171 1192 3228 fines

232 3241 365 3299 inundati.
401 3251 432 3300 ut
451 3259 534 3311 ecce,
558 3241 581 3298 ri
607 3243 670 3318 quis
697 3245 839 3320 usquead
859 3256 969 3303 centum
989 3263 1090 3304 aurens
1109 3263 1193 3302 man·

232 3316 339 3374 daverit
359 3315 424 3389 tibi,
448 3326 478 3374 ut
496 3315 614 3373 seudum
633 3335 757 3392 emeres,
783 3319 825 3376 vel
846 3329 875 3375 ut
894 3337 946 3396 pro
967 3319 1045 3375 Titio
1065 3318 1193 3395 sponde·

287 3512 414 3564 ottonem,
435 3508 602 3564 tantumdef.
624 3533 653 3544 -
686 3512 786 3562 ctuts.
808 3531 836 3544 -·
871 3509 1044 3562 dteredtdetts.
1067 3530 1095 3542 -
1123 3508 1193 3556 etr.

231 3568 325 3612 ttmtruu.
341 3589 369 3601 ·-
398 3565 415 3619 i)
430 3565 476 3611 def.
491 3567 568 3612 mottd.
585 3587 614 3599 -
642 3567 789 3621 attinentur.
