2520 4328
163 342 320 396 lusrrrur.
354 338 400 394 lin
419 353 549 402 crearis
571 338 612 408 11,
630 343 679 396 tto.
704 338 735 419 ξ.
755 344 878 398 7-12.
961 339 1005 402 91

29 489 58 542 ia
84 483 205 542 easdam
233 502 290 542 rein
316 501 470 541 conaturam
494 502 548 541 aon
572 503 657 562 posse.
697 486 749 542 hac
771 486 896 554 ratione,
921 487 944 542 si
966 504 1003 544 ex

30 559 144 614 duobus
175 559 353 614 testamentis
380 559 478 614 eadem
506 577 550 614 res
576 559 668 614 eidem
694 560 851 630 debeatur,
877 560 1002 630 interest,

31 643 125 688 utrum
154 649 240 699 rem,
272 649 308 686 an
334 632 554 688 aestimationem
581 650 617 688 ex
644 641 811 689 testamento
838 644 1003 690 consecutus

32 716 90 764 est:
120 723 190 761 nam
221 705 247 760 si
274 723 348 777 rem,
374 723 458 778 agere
483 723 540 760 non
558 717 669 780 potest,
697 707 763 781 quia
781 706 866 762 habet
884 725 947 763 eam
966 725 1003 762 ex

32 796 119 834 causa
146 778 309 848 lucrativa,
343 779 367 833 si
390 779 629 850 aestimationem,
657 797 742 854 agere
767 781 907 855 potesta,
959 779 1032 835 Eat

32 869 148 928 quoque
176 870 244 923 res,
272 869 345 927 quae
365 852 395 906 in
414 870 506 908 rerum
528 861 628 908 natura
647 872 703 909 non
724 863 784 924 est,
811 853 834 909 si
853 853 938 910 modo
956 853 1004 908 fn-

34 937 96 982 tura
125 935 187 998 est,
219 935 298 982 recte
322 925 453 998 legatur,
485 927 569 982 veluti
586 926 709 998 fructus,
735 927 783 1002 qui
802 926 831 982 in
849 927 896 983 illo
914 925 1003 982 fundo

35 1001 90 1055 nati
111 1009 217 1070 erunt,
245 1007 293 1054 aut
329 999 383 1054 nod
405 1017 441 1056 ex
460 999 506 1056 illa
526 1000 624 1055 ancilla
642 1011 739 1056 natum
760 1000 812 1056 erit
823 1003 859 1072 ⁹).
902 1000 934 1057 Si
953 1011 1032 1057 ea-e

32 1073 98 1128 dem
117 1091 165 1129 res
186 1017 409 1147 duobuslegata
422 1073 473 1144 sit,
493 1074 549 1130 sive
563 1074 746 1141 coniunctim,
763 1075 819 1130 sive
831 1073 1003 1132 disiunctim:

35 1148 58 1201 si
85 1148 171 1202 ambo
223 1147 368 1202 erveniant
393 1145 429 1202 ad
449 1146 586 1222 legatum,
614 1147 748 1202 scinditur
767 1147 839 1202 inter
857 1165 906 1204 eos
924 1148 1004 1221 lega-

37 1229 112 1292 tum,
133 1221 158 1276 si
179 1164 256 1275 aller
277 1219 404 1290 deficiat,
424 1220 489 1295 quia
507 1230 555 1276 aut
573 1221 709 1294 spreverit
723 1221 862 1295 legatum,
881 1231 929 1277 aut
943 1222 1003 1276 vivo

37 1301 171 1350 testatore
193 1293 366 1366 decesserit,
392 1305 441 1349 aut
462 1293 516 1350 alio
536 1295 659 1370 quolibet
678 1294 761 1349 modo
782 1293 937 1365 defecerit,
958 1304 1005 1349 to-

38 1377 93 1422 tum
114 1367 151 1423 ad
172 1367 385 1440 collegatarium
406 1368 533 1440 pertinet.
572 1369 738 1423 coniunctim
764 1378 857 1424 autem
884 1367 1002 1440 legatur,

39 1441 120 1496 veluti
141 1442 164 1496 si
185 1441 251 1516 quis
268 1439 359 1497 dicat:
382 1443 454 1497 atta
472 1447 497 1496 et
512 1442 574 1497 Seio
594 1440 725 1498 taurinam
739 1440 858 1499 Stichum
877 1440 911 1498 do
929 1439 1003 1515 la903

40 1514 195 1570 disiunctim
219 1515 275 1570 ita:
298 1515 369 1570 Titio
386 1512 518 1570 hominem
530 1513 650 1571 stactam
670 1514 704 1571 do
718 1513 789 1588 lapo,
810 1517 872 1571 Seio
885 1513 1005 1571 Stielavm

41 1586 73 1641 do
91 1585 157 1661 lepo.
200 1587 316 1658 sedet,
344 1587 366 1642 si
387 1588 572 1661 expresserit,
596 1587 705 1644 amdan
724 1587 856 1644 homiaem
873 1585 1002 1659 Stichum,

41 1679 127 1735 aeque
136 1661 299 1718 disiunctim
309 1661 431 1734 legatum
440 1658 669 1746 intellegitur¹⁰).
694 1660 724 1716 Si
734 1661 777 1716 cui
786 1661 888 1717 fundus
897 1661 1032 1718 aliennse

42 1733 146 1806 legatus
165 1735 266 1802 fuerit,
286 1743 315 1790 et
334 1735 432 1790 emerit
447 1743 646 1808 proprietatem
663 1734 787 1790 detracto
804 1734 955 1806 usufructu,
975 1744 1003 1790 et

43 1808 213 1864 ususfructus
227 1808 264 1864 ad
279 1825 342 1864 eum
357 1808 523 1881 pervenerit,
538 1819 566 1863 et
578 1818 677 1881 postea
692 1825 728 1862 ex
740 1815 906 1864 testamento
920 1818 1002 1880 agat:

39 1887 106 1937 recte
121 1901 181 1938 eum
197 1898 288 1956 apere,
303 1888 327 1937 et
339 1879 453 1952 fundam
466 1887 553 1956 patera
564 1881 686 1936 lulianus
700 1881 748 1950 ait,
762 1883 825 1956 quia
837 1880 1004 1952 messmam

42 1956 211 2028 inpetitione
229 1957 364 2012 sumtum
383 1952 468 2010 marm
486 1953 603 2025 obtinet,
629 1953 676 2011 sad
695 1951 784 2024 officio
806 1953 900 2010 iudicis
918 1956 1004 2010 coati-

42 2031 96 2083 mm'
105 2026 143 2103 d),
161 2036 192 2084 ut
209 2026 321 2085 deducto
331 2027 469 2098 rvsafmvcta
483 2026 570 2084 {adeat
584 2029 791 2085 aestimationem
806 2029 939 2100 praestari
950 2022 1002 2100 ¹¹).

44 2099 98 2156 Sed
118 2103 141 2156 si
159 2120 220 2158 rem
243 2101 370 2175 legatarii
389 2102 450 2175 quis
470 2101 496 2158 ei
515 2101 666 2174 legaverit,
690 2101 785 2157 inutile
804 2101 926 2175 legatum
947 2109 1002 2172 est,
1016 2111 1047 2158 1⁰

44 2175 121 2247 quia,
149 2175 229 2250 quod
257 2175 401 2249 proprium
430 2184 472 2230 est
499 2175 602 2249 ipsius,
630 2174 748 2249 amplius
775 2174 835 2229 eius
861 2171 922 2230 fieri
947 2191 1005 2228 non

43 2258 132 2319 potest
143 2252 205 2321 ¹²),
226 2258 273 2319 et,
293 2248 356 2303 licet
375 2247 536 2304 alienaverit
551 2266 612 2304 eam
622 2285 635 2321 ,
656 2267 711 2305 non
732 2248 851 2304 debetur
865 2266 918 2302 nec
932 2247 1003 2321 ipsa,

44 2338 93 2376 nec
118 2323 278 2378 aestimatio
306 2322 428 2394 eius¹³).
472 2321 505 2378 Si
524 2322 585 2397 quis
606 2340 663 2378 rem
683 2341 762 2378 snam
782 2321 861 2398 quasi
884 2321 1003 2376 alienam
1016 2336 1044 2380 tt

44 2393 192 2468 legaverit,
221 2394 294 2450 valet
318 2396 458 2468 legatum:
484 2413 549 2450 nam
573 2393 634 2472 plats
652 2394 735 2468 salat,
761 2393 831 2471 quod
848 2397 877 2450 ia
894 2396 1005 2452 veritate

44 2473 94 2537 est,
121 2488 203 2544 qurum
222 2467 293 2544 autad
311 2469 340 2524 ia
358 2466 542 2543 apiaioae¹⁴).
581 2469 629 2526 sed
653 2480 682 2524 et
700 2470 723 2525 si
741 2469 868 2543 legatarii
887 2468 1003 2543 putavit,

46 2541 132 2598 volere
158 2551 290 2613 constat,
318 2542 383 2616 qnia
407 2542 511 2598 exitum
540 2543 665 2599 voluntas
691 2541 814 2599 defuncti
839 2551 931 2616 potest
951 2541 1005 2596 ha-

46 2613 115 2671 bere.
153 2617 185 2673 Si
205 2633 265 2671 rem
285 2633 364 2670 suam
384 2615 517 2690 legaverit
535 2626 668 2686 testator,
689 2625 843 2690 posteaque
857 2634 919 2671 eam
934 2615 1004 2669 alie·
1016 2630 1047 2673 tt

47 2689 167 2760 neverit,
197 2690 296 2746 Celsus
317 2689 473 2761 existimat,
501 2692 601 2746 maon
619 2689 754 2747 admirandi
772 2692 861 2746 animo
879 2687 1005 2754 uendidit,

47 2759 212 2824 ailrilamimts
232 2761 338 2831 dabam,
365 2761 449 2836 idque
470 2762 525 2817 divi
545 2763 666 2819 Severus
682 2773 711 2818 et
728 2761 883 2817 Antoninus
905 2761 1005 2816 rescri-

47 2846 166 2902 pserunt.
206 2836 290 2892 iidem
321 2836 545 2907 remiserunt,
581 2854 640 2892 eum
663 2839 708 2911 qui
734 2841 794 2910 post
820 2840 1006 2890 tastamentum

46 2903 142 2972 factum
160 2909 291 2986 praedia,
316 2926 383 2984 quaa
406 2855 493 2984 sspata
519 2916 611 2978 eraut,
636 2911 743 2984 pipaori
761 2906 849 2974 dedit,
875 2906 1006 2964 admove

48 2975 157 3051 lapidum
184 3000 239 3040 noa
264 2981 368 3054 oldai,
404 2990 429 3039 et
457 2982 516 3039 ideo
541 2981 698 3056 lepatarium
723 2999 782 3038 arm
806 2979 900 3036 laeda
925 2997 1005 3054 apere

48 3093 261 3112 *uu—...—

100 3153 123 3205 d)
137 3157 275 3201 cordtaetur.

75 3275 97 3326 8)
110 3278 139 3322 Ι).
153 3279 226 3325 XXX.
240 3282 257 3324 1.
271 3280 310 3325 34.
325 3281 349 3336 S.
365 3281 387 3325 2,
402 3281 424 3324 t.
440 3282 456 3324 l.
468 3279 506 3325 45.
541 3278 615 3324 naufr.
637 3289 739 3324 accreso.
755 3280 806 3335 vn,
823 3279 845 3323 2.
874 3279 900 3324 c.
917 3281 946 3323 de
961 3289 1004 3323 aa·

49 3338 81 3397 rr.
96 3333 111 3374 r.
124 3335 162 3378 ar.
176 3347 211 3389 ur.
227 3337 250 3392 s.
265 3337 286 3379 r.
302 3336 324 3380 t.
339 3337 362 3381 o.
377 3337 440 3380 rsa.
456 3337 506 3380 ros.
542 3335 609 3379 uucrs
629 3338 679 3379 rou.
694 3337 735 3388 vv,
750 3338 790 3379 ar.
811 3336 836 3389 s.
853 3336 890 3379 rr.
905 3359 933 3368 -
962 3337 1002 3387 rr)

48 3387 71 3438 s·
87 3389 106 3430 1.
121 3388 143 3432 4.
157 3393 180 3435 a.
195 3393 330 3447 a.·‚xxxv.
345 3395 361 3436 1.
376 3393 413 3436 ev.
429 3403 507 3445 uu·
542 3393 571 3436 υ.
585 3393 656 3435 xxx.
673 3392 688 3434 r.
700 3393 739 3436 se.
755 3393 780 3443 s.
793 3392 815 3434 a.
829 3392 853 3434 a.
873 3411 902 3422 -
932 3390 1002 3444 rma

50 3440 76 3483 n.
89 3444 117 3486 us
132 3447 201 3501 curig.
216 3453 241 3494 et
256 3453 303 3492 aet.
315 3449 428 3503 xnrv,v.
443 3449 459 3490 t.
470 3448 506 3491 iv.
543 3449 572 3490 ue
586 3448 672 3491 action.
687 3449 728 3498 iv,
744 3447 766 3491 a.
782 3445 852 3500 §.aa
867 3467 896 3478 -
925 3447 1004 3498 isin.

53 3495 99 3550 ¹9.;
114 3501 142 3543 tte
157 3506 223 3550 vert.
239 3505 311 3556 aaliz.
326 3505 397 3556 XLV,
408 3506 428 3547 t.
444 3506 506 3548 aaa
542 3505 613 3547 XXX.
628 3505 644 3547 Ι.
659 3503 697 3546 tr.
713 3503 737 3558 S.
753 3503 791 3552 ις
807 3502 838 3544 de
851 3511 901 3553 reg.
918 3501 1003 3546 emon.

50 3549 106 3602 §.a
131 3579 157 3589 -
191 3560 215 3612 a)
230 3563 260 3606 n.
275 3563 346 3606 xxx.
366 3563 381 3603 ι,
397 3559 435 3603 st.
456 3571 506 3614 nrt
541 3554 828 3615 xxxrv‚v.1.r.s.r‚
858 3557 1005 3602 earm

51 3605 138 3656 xxxa.
153 3614 168 3659 l.
184 3617 219 3661 tv.
233 3629 269 3672 pr.
284 3639 312 3649 -
343 3617 380 3668 1⁰)
393 3617 421 3659 Ι).
434 3617 506 3660 xxx.
543 3637 570 3648 —
592 3614 630 3668 m)
646 3617 674 3659 Ι).
690 3613 720 3656 de
740 3612 799 3656 iuris
820 3615 844 3656 et
858 3611 915 3656 facti
929 3612 1004 3665 ignor.

53 3661 66 3700 ¹·
82 3665 115 3710 ¹⁶·
130 3679 164 3721 vr.
180 3673 204 3726 s.
220 3673 241 3717 ι.
262 3675 278 3717 r.
296 3671 332 3717 m.
353 3673 377 3727 s.
393 3673 415 3715 a.
437 3674 453 3714 ι.
467 3674 505 3716 sa.
541 3672 618 3724 xxa,
634 3672 657 3717 a.
677 3671 694 3712 ι.
709 3668 731 3713 e.
751 3669 775 3722 s.
791 3667 813 3711 a.
843 3669 937 3722 visum.
949 3669 1006 3714 vae

50 3715 87 3760 ³⁴·
101 3731 134 3773 vr.
157 3725 180 3780 s.
194 3729 231 3780 s.;
252 3731 348 3774 xxxrr.
369 3730 384 3771 ι.
399 3729 437 3772 so.
453 3728 506 3778 sou
542 3728 566 3780 s.
582 3727 636 3772 roo.

49 3770 79 3818 ⁴·
92 3779 155 3825 vim.
170 3781 249 3837 statut
265 3787 292 3843 n,
311 3785 346 3829 rs.
361 3786 377 3827 r.
394 3785 461 3838 rm.;
478 3785 507 3826 us
1054 3811 1060 3848 5

1041 3851 1059 3882 ι’
