2566 4344
247 368 310 434 164
371 371 521 430 lueretur.
551 369 597 428 Du
609 385 690 428 usus
701 385 828 436 nautam
838 369 893 440 tv,
905 359 935 427 ’3.
953 367 985 450 5.
998 373 1107 429 2-8.

245 519 302 576 cire
326 518 363 575 de
389 517 587 593 quadrupede,
615 517 665 574 red
694 517 730 573 de
755 535 790 574 ea
815 523 939 589 tautum,
969 533 1043 592 quae
1068 520 1223 592 pecudum

246 610 362 650 numeru
388 600 447 662 est,
474 600 602 662 caretur,
628 609 663 646 eu
689 586 828 664 pertinet,
854 601 884 646 ut
904 607 995 665 neque
1013 590 1052 647 de
1070 593 1148 648 seris
1171 596 1222 650 be-

245 666 321 739 stiis,
344 681 437 738 neque
456 664 491 720 de
511 664 626 720 canibus
644 674 755 720 cautum
783 681 845 720 esse
865 662 1081 737 intellegamus,
1108 667 1223 723 sedda

246 739 289 796 lnis
314 747 437 810 tantum,
464 755 537 812 quae
564 737 676 812 proprie
686 733 711 810 ⁸)
740 736 816 812 pasci
843 737 995 805 dicuntur,
1021 738 1125 812 quales
1156 751 1223 797 suut

245 812 328 888 equi,
347 810 430 878 muli,
451 810 536 881 asini,
556 811 658 881 bores,
678 827 760 878 oves,
779 827 892 884 caprae.
930 809 967 866 de
982 811 1077 867 suibus
1098 831 1222 889 quoque

245 887 321 941 idem
341 883 461 958 placuit:
483 901 546 938 nam
568 893 596 939 et
612 901 676 940 sues
696 883 833 957 pecudum
853 883 1042 958 appellatione
1060 889 1223 943 contineu-

246 969 310 1026 tur,
330 956 396 1031 quia
415 965 442 1011 et
461 955 489 1010 lri
509 957 645 1031 gregatim
666 967 834 1032 pascuntur3
856 957 896 1013 sic
914 956 1035 1032 denique
1055 968 1086 1014 et
1106 961 1222 1016 Home·

248 1050 294 1086 rus
314 1031 341 1084 in
362 1026 491 1102 Odyssea
511 1031 565 1104 ait,
594 1031 665 1087 sicut
683 1031 776 1088 Aelius
795 1029 954 1086 Marcianus
972 1031 1003 1085 in
1020 1032 1078 1087 suia
1098 1033 1220 1090 institu-

247 1104 368 1160 tionibus
387 1102 490 1160 refert:

305 1212 308 1216 ·
348 1188 429 1258 Δήεις
446 1191 494 1245 τόν
511 1209 543 1260 γε
561 1185 659 1244 σύεσσι
674 1185 849 1262 παρήμενον·
869 1193 899 1244 ui
915 1191 947 1244 dl
966 1195 1098 1262 νέμονται

347 1261 410 1330 Πάρ
429 1259 555 1330 Κόρακος
573 1262 672 1331 πέτρῃ,
694 1259 742 1310 ἐπί
758 1276 786 1312 τε
802 1255 887 1332 κρήνῃ
904 1255 1053 1332 Ἀρεθούσῃ
1063 1261 1100 1327 ⁸).

219 1372 235 1416 a
301 1359 405 1416 iniuria
423 1371 515 1417 autem
536 1359 663 1416 occidere
682 1359 865 1434 intellegitur,
888 1359 937 1436 qui
957 1360 1031 1416 nullu
1052 1361 1119 1418 iure
1142 1361 1216 1417 ucci-

247 1432 296 1490 dit.
334 1434 430 1510 itaque
455 1434 591 1489 latronem
618 1432 666 1507 qui
689 1431 806 1501 occidit,
835 1452 891 1488 uon
911 1444 1041 1506 tenetur,
1072 1433 1176 1510 utique
1194 1435 1215 1488 si

218 1507 328 1563 naliter
354 1506 506 1581 periculum
533 1502 657 1578 effugere
678 1523 732 1560 nou
753 1507 890 1582 putest⁴).
934 1508 975 1562 Ac
995 1525 1030 1562 ne
1050 1507 1074 1562 is
1096 1509 1213 1582 quidem

248 1579 301 1634 lrac
327 1579 389 1652 lege
417 1588 543 1648 tenetur,
572 1579 618 1653 qui
643 1596 709 1634 casu
736 1579 852 1650 occidit,
880 1579 902 1635 ei
926 1579 1010 1635 modu
1039 1580 1128 1655 culpa
1158 1581 1214 1637 eius

248 1651 322 1706 nulla
342 1651 515 1708 inveniatur:
538 1668 602 1706 nam
618 1652 739 1727 alioquin
755 1671 810 1708 uun
826 1653 916 1708 minus
931 1671 967 1708 ex
983 1653 1064 1724 dolo,
1087 1649 1213 1729 quaml)

219 1735 284 1780 tex
304 1724 385 1800 culpa
406 1726 521 1812 quisque
541 1724 594 1780 ltae
614 1725 677 1800 lege
697 1735 808 1782 tenetur
820 1723 855 1800 ⁵).
893 1725 991 1802 Itaque
1006 1727 1028 1781 si
1043 1727 1128 1802 quis,
1149 1729 1212 1783 dum

248 1798 343 1854 iaculis
371 1800 441 1854 ludrt
491 1797 533 1855 vel
560 1799 743 1871 exercitatur,
776 1808 965 1856 transeuntem
992 1817 1104 1856 servum
1135 1812 1214 1858 tuum

248 1872 409 1943 traiecerit,
439 1843 626 1946 distinguitur.
665 1888 729 1927 nam
756 1873 780 1928 si
805 1870 834 1927 id
857 1871 979 1930 amilite
1024 1873 1119 1929 uidem
1134 1878 1161 1944 ⁸)
1188 1875 1212 1928 in

247 1964 364 2022 campo,
385 1964 476 2022 euque
486 1947 529 2020 ⁴1),
550 1945 596 2000 ubi
615 1943 726 2000 solitum
742 1954 784 2001 est
798 1945 964 2016 exercitari,
982 1891 1139 2002 admissum
1158 1957 1212 2016 est,

247 2020 321 2076 nulla
345 2021 427 2094 culpa
452 2020 510 2076 eius
536 2017 720 2092 intellegitur3
751 2018 863 2074 elalius
884 2019 940 2075 tale
961 2019 1028 2094 quid
1049 2019 1212 2090 admiserit,

247 2095 347 2168 eulpae
371 2111 435 2150 reus
461 2101 510 2149 est.
548 2090 621 2148 idem
641 2091 708 2146 iuris
726 2101 767 2148 est
787 2100 816 2147 et
834 2092 870 2148 de
890 2090 992 2163 milite,
1016 2093 1040 2147 si
1058 2092 1084 2148 is
1104 2093 1136 2148 iu
1160 2094 1212 2150 aliu

247 2167 327 2240 locu,
352 2184 437 2242 quam
465 2166 513 2242 qui
539 2164 725 2221 exercitandis
753 2163 884 2221 militibus
911 2165 1066 2222 destinatus
1096 2176 1159 2241 est,
1185 2165 1213 2222 id

217 2239 357 2296 audinisit
369 2237 406 2314 ⁶).
444 2239 513 2297 Item
535 2237 557 2294 si
576 2248 703 2313 putator,
724 2255 759 2294 ex
780 2239 881 2296 arbure
900 2238 1010 2295 deiecto
1032 2257 1130 2309 ramo,
1151 2259 1212 2297 ser-

247 2333 309 2378 rum
329 2323 407 2369 tuum
432 2321 621 2369 transeuntem
641 2311 793 2384 occiderit,
822 2313 844 2368 si
864 2312 1046 2388 properium
1067 2313 1209 2388 publicam

246 2396 295 2440 aut
313 2385 457 2442 vicinalem
477 2385 505 2441 id
522 2384 627 2442 sactum
649 2395 707 2458 eet,
729 2403 821 2460 neque
840 2387 1092 2474 praeclamavitsl,
1113 2397 1147 2444 ut
1163 2407 1210 2444 ca-

245 2476 292 2514 sus
315 2458 412 2513 evitari
431 2459 540 2532 possit,
562 2458 660 2532 culpae
679 2477 743 2514 reus
762 2469 820 2532 est3
842 2459 865 2515 si
882 2459 1137 2535 praedurantur),
1158 2478 1210 2518 ne-

246 2548 301 2607 que
320 2529 365 2586 ille
385 2531 490 2586 curavit
514 2547 631 2601 carere,
654 2541 735 2598 extra
759 2531 867 2607 culpam
893 2543 935 2590 est
958 2541 1081 2608 putator.
1119 2551 1209 2611 aeque

235 2613 328 2660 entra
349 2603 458 2679 culpam
478 2620 539 2660 esse
558 2602 742 2678 intellegitur,
765 2605 789 2661 si
808 2623 932 2663 seorsum
952 2623 969 2662 a
990 2606 1033 2662 via
1053 2607 1146 2681 sorte,
1168 2607 1210 2664 sel

246 2679 274 2736 in
296 2677 389 2734 medio
409 2676 497 2734 suado
517 2675 668 2748 caedebat,
695 2678 758 2735 licet
779 2697 833 2734 nou
853 2677 1053 2754 praeclamavit
1066 2682 1115 2754 ⁹),
1143 2682 1209 2756 quia

216 2769 281 2814 teo
300 2753 362 2809 loco
381 2751 447 2808 nulli
465 2761 600 2808 extranea
617 2751 659 2807 ius
677 2749 769 2808 fuerat
787 2753 915 2808 versandi
926 2751 962 2826 ²).
1020 2755 1047 2826 ⁸)
1055 2751 1208 2811 Praeterea

244 2829 267 2884 el
288 2827 427 2899 medicus,
475 2826 502 2881 ui
524 2843 633 2881 servum
659 2833 736 2880 tuum
756 2825 860 2894 secuit,
882 2824 1062 2900 dereliquerit
1082 2828 1209 2884 curatiu-

244 2919 308 2958 nem
316 2943 327 2970 ,
346 2911 431 2976 atque
451 2918 467 2956 ο
506 2897 535 2954 id
553 2909 678 2955 mortuus
692 2897 777 2954 suerit
791 2917 906 2971 servus,
927 2899 1027 2973 culpae
1042 2915 1110 2956 reus
1125 2898 1208 2975 esti).

216 2974 388 3049 almperitia
412 2989 526 3050 quoque
554 2973 654 3047 culpae
683 2983 901 3043 annumeratur,
929 2971 1015 3027 veluti
1036 2972 1061 3028 si
1083 2974 1207 3030 medicus

243 3046 308 3102 ideo
329 3064 439 3102 servum
459 3056 537 3103 tuum
557 3044 706 3118 occiderit,
733 3045 807 3121 quod
827 3063 890 3103 eum
910 3045 983 3102 male
1001 3047 1142 3121 secuerit,
1161 3056 1207 3104 aut

214 3134 393 3195 sperperam
417 3119 443 3174 ei
462 3119 695 3176 medicamentum
715 3116 832 3176 dederit.
877 3117 986 3194 Impetu
1007 3137 1124 3195 quoque
1143 3139 1207 3178 mu·

242 3236 465 3252 Μ

299 3296 324 3350 a)
338 3295 488 3350 mutinen.
507 3314 536 3326 -
564 3294 587 3348 tr)
603 3305 623 3347 u.
639 3304 671 3338 em
685 3295 707 3338 d.
728 3316 756 3328 -
784 3297 806 3346 u)
822 3295 873 3347 qut,
890 3291 936 3337 del.
957 3315 986 3326 -
1015 3295 1040 3346 tl)
1055 3305 1076 3340 c.
1091 3305 1165 3353 enuef
1179 3303 1208 3340 ru

242 3364 332 3408 cuutpu.
347 3373 376 3383 -
405 3353 428 3404 e)
442 3349 518 3404 procl.
534 3371 562 3382 -
590 3348 677 3403 sterit.

269 3481 294 3530 3)
309 3479 339 3524 tt.
353 3479 377 3521 lt.
397 3477 414 3521 1.
429 3476 451 3520 1.
473 3475 497 3532 s.
513 3475 549 3528 23
570 3475 600 3518 de
618 3472 706 3529 tegetis
730 3474 808 3527 ’4)1).
823 3474 847 3517 h.
862 3475 879 3518 l.
891 3472 913 3516 1.
925 3473 948 3516 tt.
964 3472 1019 3526 §.a
1036 3473 1126 3519 curtat.
1141 3475 1205 3528 legg.

238 3537 334 3581 XXXII.
349 3536 366 3578 l.
381 3534 419 3578 115.
436 3533 461 3586 8.
476 3532 499 3576 1.
528 3531 606 3577 Varro
620 3532 637 3574 l.
650 3533 705 3576 Lat.
739 3532 808 3574 Rom.
824 3532 848 3574 et
862 3529 982 3580 Mus.Vll‚
999 3531 1021 3574 θ.
1042 3529 1092 3575 Ciu.
1108 3542 1132 3584 p.
1145 3531 1206 3576 'rui-

237 3595 273 3638 tv
286 3593 333 3646 (V).
353 3589 389 3636 19.
405 3589 442 3634 211.
458 3588 544 3633 lsidur.
560 3587 635 3637 urina.
650 3589 703 3643 ΧΠ,
739 3586 773 3630 llo
789 3585 887 3640 tt.;1u.
903 3596 925 3639 p.
935 3585 1026 3629 Milone
1040 3585 1062 3628 4.
1079 3609 1107 3620 -
1135 3589 1161 3638 u)
1174 3588 1204 3632 ll.

239 3652 261 3693 1.
277 3671 305 3682 -
326 3649 394 3693 llum.
410 3647 497 3699 odyss.
514 3646 581 3700 XIII,
597 3644 652 3689 tut.
666 3644 704 3687 §.r
739 3643 819 3686 inid.
835 3641 976 3697 s.t...1.tt.
992 3640 1204 3693 -6)1).11.1.9.

237 3707 344 3749 tarmus
370 3704 430 3748 amic
450 3703 531 3746 sutus
551 3701 704 3755 mudeuurt,
739 3699 765 3752 S.
779 3698 801 3743 1.
816 3699 833 3742 l.
850 3695 887 3742 ru.
909 3720 938 3746 -,
967 3697 1206 3750 111111131-

237 3761 281 3804 aaa
300 3761 377 3804 ardun
398 3760 528 3812 puuctuuur
547 3757 618 3809 Apud
638 3757 705 3800 corui
738 3755 762 3808 8)
777 3755 805 3799 1).
820 3755 844 3798 h.
857 3754 875 3798 l.
889 3753 912 3798 8.
924 3753 966 3800 nl.

238 3825 320 3868 rupem
334 3817 358 3858 et
371 3815 402 3856 ud
413 3814 502 3868 sautem
515 3812 661 3856 Arethusam.
676 3832 705 3844 -
