2520 4328
215 317 282 383 114
322 320 472 378 Iusrrrur.
503 316 551 375 De
564 330 788 374 intrinsecam.
800 327 887 371 succ.
904 311 960 380 lli,
976 315 1005 368 2.
1028 311 1061 394 g
1082 317 1199 370 5-3,

218 469 247 524 si.
260 487 372 536 omnes,
392 485 429 524 ex
447 464 813 534 masculisdesceudentes,
828 462 951 536 legitimo
970 461 1032 516 iure
1053 461 1202 530 veniant,

219 543 322 598 seilicet
346 542 392 597 ubi
411 539 499 597 scater
520 551 549 596 et
568 559 647 596 soror
664 539 825 613 superstites
845 555 899 591 non
921 545 1001 590 suut„
1013 534 1059 590 his
1083 537 1203 590 etenim

220 616 346 690 personis
379 615 627 691 praecedentibus,
661 624 689 668 et
719 611 920 667 successionem
955 608 1203 676 admittentibus,

220 690 306 746 ceteri
347 690 432 744 radus
449 699 595 744 remanent
612 689 723 763 penitus
739 685 854 755 semoti,
875 683 1001 740 videlicet
1023 682 1203 738 hereditate

190 777 279 819 finon
306 708 346 818 ad
370 763 486 838 stirpes,
513 763 563 818 sed
589 763 617 816 in
644 761 737 834 capita
756 759 914 814 dividenda.
960 756 991 813 Si
1012 757 1119 832 piures
1143 759 1202 812 sint

222 837 325 911 gradus
345 847 528 910 agnatorum,
556 845 653 910 aperte
672 836 718 890 lex
736 831 884 888 duodecim
905 831 1063 886 tabularum
1089 833 1203 905 proxi-

221 930 297 966 mum
323 920 420 969 vocat:
446 910 541 984 itaque
567 911 589 966 si
616 909 693 965 verbi
720 907 809 981 gratia
833 907 868 961 sit
885 904 972 960 irater
992 903 1149 972 dehincti,
1172 917 1203 960 et

222 984 335 1040 alterius
360 984 459 1040 fratris
479 983 566 1053 lilius,
593 994 641 1039 aut
666 992 803 1057 patruus,
832 979 919 1035 frater
938 979 1033 1054 potior
1052 978 1199 1034 habetur.

222 1070 251 1114 et
270 1059 394 1133 quamvis
414 1059 546 1132 singulari
565 1075 682 1113 numero
704 1073 754 1111 usa
771 1055 818 1110 lex
837 1055 995 1130 proximum
1017 1063 1127 1110 vocet:
1152 1064 1201 1108 ta-

220 1149 286 1188 men
303 1131 417 1187 dubium
433 1141 558 1204 nonest,
581 1133 646 1206 quin
661 1142 698 1201 et,
718 1131 740 1184 si
754 1129 847 1204 piures
860 1130 913 1183 sint
927 1125 1054 1182 eiusdem
1070 1127 1197 1200 gradus,

222 1223 318 1262 ornnes
340 1206 538 1264 admittantur:
569 1224 633 1262 narn
654 1216 683 1260 ct
703 1204 817 1278 proprie
837 1202 980 1278 proximus
1000 1219 1037 1256 ex
1058 1201 1199 1273 pluribus

222 1280 354 1351 gradibus
368 1280 560 1354 intellegitur,
582 1290 611 1335 et
627 1287 720 1334 tamen
737 1277 851 1334 dubium
867 1295 922 1332 non
937 1285 996 1346 est,
1015 1276 1107 1350 quin,
1130 1276 1199 1331 licet

223 1373 292 1410 nnus
317 1355 353 1410 sit
378 1353 481 1429 gradus
502 1363 684 1428 agnatorum,
712 1352 851 1426 pertineat
870 1350 906 1405 ad
926 1366 974 1404 eos
994 1349 1194 1420 hereditas⁷).

193 1427 369 1484 bProximus
388 1437 498 1497 autem,
518 1429 541 1482 si
561 1427 674 1501 quidem
694 1425 768 1480 nulio
789 1434 955 1480 testamento
971 1422 1049 1479 sacto
1067 1424 1197 1499 quisque

222 1503 393 1574 decesserit,
415 1518 467 1576 per
486 1501 539 1556 hoe
557 1511 668 1575 tempus
687 1499 851 1574 requiritur,
871 1516 928 1572 quo
947 1509 1075 1557 mortuus
1100 1499 1192 1568 estis,

222 1577 299 1631 cuius
335 1575 371 1630 de
404 1572 560 1632 hereditate
595 1573 746 1649 quaeritur.
785 1572 885 1647 quodsi
915 1571 991 1626 lacto
1016 1580 1192 1628 testamento

222 1649 368 1724 qnisquam
389 1647 561 1719 decesserit,
587 1666 639 1722 per
657 1647 711 1703 hoc
730 1657 839 1722 tempus
860 1645 1026 1722 requiritur,
1049 1663 1112 1720 quo
1131 1664 1191 1702 cer-

222 1738 280 1777 tum
301 1740 361 1777 esse
383 1724 523 1794 coeperit,
550 1723 654 1778 nullum
673 1739 709 1776 ex
728 1729 895 1776 testamento
915 1719 1049 1774 heredem
1073 1730 1191 1775 extatu-

223 1815 300 1853 curn:
328 1806 392 1853 tunc
412 1798 485 1852 euim
506 1798 619 1871 proprie
640 1796 701 1871 quis
722 1813 756 1849 ue
776 1795 944 1869 intellegitur
964 1793 1121 1848 intestatus
1142 1794 1193 1849 de-

223 1871 347 1926 cessisse.
367 1870 443 1946 quod
461 1871 573 1945 quidem
594 1814 744 1944 aliquando
763 1867 846 1944 longo
863 1880 991 1942 tempore
1008 1865 1191 1924 declaratur:

224 1946 250 1999 in
270 1963 326 2020 quo
346 1947 436 2019 spatio
457 1945 590 2020 temporis
609 1961 695 2018 saepe
716 1943 832 2012 accidit,
851 1951 897 2010 ut,
917 1941 1094 2017 proximiore
1115 1961 1192 1998 mor-

222 2031 287 2090 tuo,
318 2020 462 2094 proximus
488 2035 550 2075 esse
576 2018 707 2091 incipiat,
733 2017 780 2092 qui
804 2017 941 2072 moriente
968 2025 1110 2082 testatore
1137 2034 1189 2071 non

196 2101 285 2150 *terat
309 2094 454 2166 proximus
465 2087 503 2166 8).
549 2089 682 2148 Placebat
709 2100 819 2162 autem,
848 2091 876 2146 in
901 2107 935 2146 eo
962 2107 1070 2164 genere
1097 2091 1190 2166 perci-

225 2167 389 2241 piendarum
416 2164 601 2222 hereditatum
626 2165 827 2222 successionem
849 2183 903 2220 non
923 2181 1000 2232 esse,
1028 2163 1058 2218 id
1080 2173 1128 2220 est
1147 2174 1187 2236 ut,

225 2241 349 2315 quamvis
370 2239 527 2313 proximus,
555 2241 617 2316 qui,
639 2239 790 2296 secundum
811 2256 862 2306 ea,
883 2255 956 2314 quae
975 2238 1120 2310 ‹iiximus,
1142 2257 1192 2294 vo-

225 2311 304 2370 catur
323 2314 358 2368 ad
379 2313 581 2383 hereditatem,
601 2324 650 2370 aut
665 2315 806 2389 'spreverit
827 2311 1028 2381 hereditatem,
1048 2323 1119 2382 aut,
1140 2331 1190 2368 an-

226 2399 338 2462 tequam
362 2387 461 2458 adeat,
487 2387 656 2460 decesserit,
685 2387 771 2443 nihilo
798 2389 887 2461 magis
912 2387 1036 2460 legitimo
1061 2387 1127 2442 iure
1145 2405 1189 2442 sc-

224 2471 343 2536 queutes
371 2460 562 2518 admittuntur.
599 2462 673 2537 quod
701 2463 800 2517 iterum
828 2470 989 2536 praetores,
1019 2459 1189 2534 imperfecto

224 2535 285 2590 iure
313 2537 383 2590 curri
405 2544 496 2609 entes,
524 2555 580 2593 nou
605 2537 632 2592 in
660 2547 746 2591 totum
774 2536 833 2591 sine
854 2534 1022 2591 adminiculo
1043 2535 1188 2609 relinque-

223 2610 315 2678 hant,
350 2553 403 2665 sed
427 2627 463 2665 ex
488 2621 669 2684 cognatorum
701 2609 874 2666 ordine‘eos
901 2609 1055 2680 vocabant,
1090 2619 1188 2684 utpote

223 2683 380 2756 agnationis
399 2684 459 2740 iure
479 2685 518 2740 eis
538 2684 656 2741 recluso.
693 2684 742 2739 sed
758 2703 823 2754 nos,
843 2683 910 2739 nihil
924 2683 1023 2738 deesse
1037 2682 1188 2758 perlectis-

223 2758 294 2812 simo
318 2757 370 2812 iuri
396 2759 556 2833 cupientes,
582 2768 677 2813 nostra
701 2758 896 2814 constitutione
918 2758 1077 2829 sanximus,
1104 2775 1187 2833 quam

224 2831 260 2888 de
286 2832 346 2886 iure
375 2843 552 2906 patronatus,
586 2831 759 2888 humanitate
788 2840 972 2905 suggerente,
1003 2831 1187 2904 protulimus,

209 2905 426 2962 successionem
455 2907 481 2962 in
503 2917 667 2982 agnatorum
688 2905 889 2961 hereditatibus
911 2923 965 2960 uon
988 2923 1049 2960 esse
1075 2905 1117 2962 eis
1138 2905 1188 2961 de-

224 2979 405 3052 negandam,
439 2999 501 3036 cum
528 2981 594 3036 satis
622 2979 771 3035 absurdum
799 2989 876 3051 erat,
909 2978 985 3054 quod
1013 2981 1143 3053 cognatis
1171 2998 1187 3034 a

219 3063 356 3128 praetore
375 3064 502 3128 apertum
523 3064 579 3126 est,
600 3053 653 3109 hoc
672 3055 780 3127 agnatis
799 3072 860 3109 esse
877 3054 1033 3128 reclusum,
1054 3054 1188 3121 maxime,

210 3145 288 3182 weurn
310 3128 336 3183 in
357 3147 443 3184 onere
462 3128 574 3202 quidem
596 3128 744 3183 tutelarum
764 3137 792 3183 et
811 3129 901 3202 primo
922 3126 1009 3202 gradu
1028 3126 1189 3195 deficiente,

224 3219 343 3276 sequeus
362 3201 507 3271 succedit,
527 3213 555 3258 et
576 3200 651 3276 quod
672 3203 698 3256 in
716 3219 800 3258 onere
821 3203 982 3274 obtinebat,
1002 3219 1057 3256 non
1079 3203 1187 3258 eratin

223 3275 301 3332 lucro
321 3276 484 3350 permissum
496 3276 532 3350 ⁹).

192 3363 213 3406 s
279 3349 323 3406 Ad
351 3348 502 3422 legitimam
528 3349 730 3405 successionem
757 3347 933 3404 nihilominus
959 3357 1074 3404 vocatur
1102 3349 1186 3406 etiam

222 3442 345 3498 pareus,
369 3421 432 3497 qui,
455 3433 597 3479 contracta
616 3421 737 3491 fiducia,
761 3421 847 3478 filium
869 3423 911 3479 sel
929 3423 1031 3495 filiam,
1051 3434 1187 3498 nepotem

221 3549 443 3564 *ιιι-α

239 3618 275 3667 ‘ti
293 3618 322 3660 Ι).
344 3617 366 3658 h.
387 3617 403 3658 l.
420 3617 441 3658 2.
459 3626 494 3667 pr.
517 3615 541 3670 S.
557 3616 579 3660 2.
600 3614 637 3670 ⁴.;
659 3615 688 3660 tle
722 3615 1185 3668 ress.eu.xxxvu1,s.1.t.§.a

222 3674 290 3716 verb.
306 3670 384 3724 signif.
400 3671 429 3728 L,
447 3671 483 3716 16.
498 3673 560 3716 itis.
570 3674 622 3716 tab.
635 3674 688 3718 16².
724 3674 759 3716 10.
777 3675 813 3716 ll.
828 3673 843 3716 l.
861 3675 897 3725 23
913 3674 942 3715 de
957 3672 1022 3722 legit.
1038 3677 1085 3717 tut.
1100 3675 1184 3729 Xilw,

222 3741 259 3782 pr.
281 3748 310 3760 -·
343 3729 366 3778 S)
381 3730 410 3772 li.
432 3731 454 3772 h.
475 3729 491 3770 l.
507 3729 529 3772 2.
550 3729 575 3782 S.
589 3731 612 3772 5.
627 3729 650 3773 6.
666 3729 687 3772 7.
722 3729 744 3773 4.
759 3731 774 3772 1.
790 3731 812 3772 3.
833 3731 858 3782 s.
873 3729 895 3772 9.
925 3730 1187 3774 &reboantibus

219 3786 269 3837 hb.
285 3805 313 3814 -
341 3784 365 3836 9)
382 3785 410 3827 Ι).
425 3787 448 3829 1ι.
463 3785 509 3828 it.
523 3795 572 3840 pr.;
588 3787 617 3828 tle
631 3794 688 3828 suc·
723 3785 763 3840 Vl,
780 3785 799 3828 b
818 3787 834 3829 l.
851 3785 873 3828 tl.
888 3785 934 3836 (etl.
949 3788 1140 3840 spangenberg.)
