2566 4344
127 335 282 397 mensur.
312 334 359 394 Dr
372 351 493 394 osrrurn
505 351 622 394 runrors
638 334 757 406 tv,17.
774 333 825 395 Pr.
843 334 874 416 5.
889 341 918 396 l.
930 340 960 397 2.
1006 336 1071 400 197

99 485 153 542 sed
172 485 257 542 etiam
274 483 371 560 panti,
392 493 422 540 et
439 492 532 542 reete:
558 483 708 558 plurimum
727 482 801 539 enim
821 483 952 558 interest,
975 494 1067 541 utrum

99 577 139 616 ex
159 559 263 614 delicto
283 558 400 636 aliquis,
419 574 456 614 an
475 575 512 614 ex
529 566 672 613 contractu
692 557 803 612 debitor
821 557 902 628 sit⁵).

160 631 293 690 Omnium
316 641 410 688 autem
432 632 573 688 notionum
590 630 820 688 instituendarum
863 629 930 686 rinei
952 630 1009 686 ium
1029 634 1096 687 aba

99 723 137 764 ea
165 716 246 782 parte
272 705 356 762 edicti
381 703 579 780 proficiscitur,
606 722 662 779 qna
683 715 799 778 praetor
817 648 901 761 erfieit
940 705 1068 762 einins
1133 756 1135 761 .

99 779 245 838 vocando:
268 790 363 854 utrque
381 779 455 836 enirn
475 781 502 834 in
519 779 616 854 primis
631 777 806 835 adversarius
824 779 853 834 in
869 779 912 834 ios
926 778 1069 836 vorandus

99 863 160 926 est,
187 853 216 908 id
239 863 282 910 est
308 853 345 908 ad
372 872 436 909 eum
457 851 598 910 vorandus
619 854 708 927 esti),
735 853 783 928 qui
807 852 850 908 ius
875 851 998 909 dicturus
1023 853 1068 912 sit.

100 926 170 994 Qua
190 937 270 1002 parte
290 936 405 1002 praetor
424 927 588 1002 parentibus
609 935 638 982 et
656 927 799 1000 patronis,
822 927 888 982 item
905 925 1000 982 liberis
1014 943 1069 1001 pa·

100 1001 283 1076 rentibusque
300 1010 481 1075 patronorum
501 1010 530 1058 et
547 1009 727 1075 patronarum
744 1000 817 1055 lrnne
835 1009 960 1075 praestat
974 999 1068 1056 hono-

100 1091 185 1147 rem,
223 1085 253 1130 nt
284 1092 341 1130 non
376 1074 456 1131 aliter
482 1073 565 1130 lieeat
591 1073 684 1129 liberis
711 1072 872 1151 libertisque
897 1090 946 1130 ens
972 1074 1000 1129 in
1026 1073 1070 1130 ius

102 1165 227 1220 rorare,
241 1165 325 1224 qnam
346 1147 416 1204 siid
436 1147 552 1222 abipso
571 1156 703 1222 praetore
720 1146 921 1222 postulaverint
935 1155 964 1203 et
976 1146 1070 1221 irnpe-

101 1221 252 1296 trnrerint;
272 1231 316 1291 et,
335 1221 362 1277 si
378 1221 440 1297 quis
457 1221 539 1277 aliter
558 1221 711 1294 vocaverit,
730 1221 760 1277 in
777 1238 840 1277 eum
861 1237 983 1296 poenam
1002 1219 1070 1276 soli-

100 1295 205 1352 dorum
224 1295 427 1372 quinquaginta
446 1294 588 1351 constituit
598 1296 636 1370 ⁶).

245 1449 436 1502 rrrunus
461 1447 660 1502 nectarus
688 1446 922 1500 senuimus.
957 1473 959 1478 -

175 1548 255 1613 nl:
320 1547 626 1614 OFFlClo
695 1545 996 1612 IUDICIS.

160 1663 315 1741 Superest,
338 1675 367 1722 ut
384 1665 420 1723 de
440 1663 532 1722 offido
551 1663 649 1720 iudicis
668 1663 855 1738 dispiciamus.
892 1663 930 1720 Et
948 1662 1062 1752 quidem
1070 1675 1107 1718 Ρι

101 1741 133 1796 in
160 1740 256 1814 primis
281 1739 348 1795 illud
377 1741 526 1797 observare
552 1737 638 1795 debet
663 1735 764 1808 iudex,
791 1754 829 1794 ne
856 1737 937 1794 aliter
955 1736 1070 1804 rudicet,

102 1831 188 1888 quam
198 1810 222 1887 ⁸)
242 1813 365 1889 legibus,
382 1824 431 1870 aut
447 1811 705 1879 constitutionibus,
717 1819 773 1866 'aut
788 1811 913 1867 moribus
927 1810 1070 1884 proditum

101 1889 192 1960 θεῖ’).
237 1886 305 1944 Ideo
331 1888 354 1944 si
379 1886 475 1944 noxali
502 1885 605 1942 iudicio
632 1884 760 1942 addictus
770 1881 797 1959 Ι’)
826 1893 888 1957 est,
920 1885 1096 1939 observaret

102 1960 206 2032 debet,
226 1970 273 2032 ut,
292 1961 315 2018 si
335 1959 565 2018 condemnandus
585 1958 724 2015 videbitur
743 1957 887 2026 dominus,
907 1956 946 2012 ita
966 1955 1071 2012 debeat

102 2033 309 2090 condemnarer
344 2033 466 2092 Publium
491 2035 629 2092 Maenium
654 2033 738 2089 burlo
766 2033 839 2087 lilio
866 2029 955 2087 decan
981 2031 1072 2086 eurem

102 2105 263 2180 wodanum
284 2113 331 2166 nol
350 2125 451 2166 norum
470 2106 584 2166 (latiore²
605 2147 613 2163 .
650 2105 730 2161 Etsi
748 2104 852 2160 inrem
873 2113 965 2160 aetum
985 2103 1020 2158 sit
1029 2103 1098 2174 ο),ί

101 2181 161 2240 sive
187 2191 284 2240 contra
304 2183 452 2259 petitorem
472 2180 660 2254 iudicabat),
689 2178 835 2236 absolvere
854 2177 940 2234 debet
957 2192 1071 2251 posses-

102 2275 217 2329 sorem,
238 2258 295 2314 sive
314 2267 411 2313 eontra
430 2271 637 2332 possessorem,
656 2253 754 2310 iubere
767 2271 830 2309 eum
847 2251 947 2322 debet,
967 2258 998 2306 ut
1010 2267 1071 2306 rem
1093 2263 1096 2267 ·

102 2332 194 2406 ipsam
218 2331 345 2388 restituat
370 2349 432 2387 enm
459 2329 604 2385 fructibus.
642 2325 701 2383 Sed
726 2327 750 2382 si
776 2327 804 2382 in
824 2324 965 2402 praesenti
985 2330 1071 2397 neget

102 2423 135 2461 se
155 2423 297 2480 possessor
316 2406 462 2461 restituere
480 2419 581 2479 posse,
608 2410 636 2456 et
654 2401 716 2456 sine
733 2399 913 2457 frustratione
933 2397 1072 2454 ridebitur

102 2488 216 2553 tempus
240 2477 403 2535 restituendi
429 2495 514 2534 eausa
536 2485 654 2552 petere,
683 2473 886 2531 induloendum
909 2482 952 2530 est
970 2473 1013 2543 ei,
1041 2479 1071 2527 ut

102 2562 199 2608 tamen
215 2551 251 2608 de
269 2552 323 2607 litis
342 2552 535 2608 aestimatione
556 2555 735 2607 canestrum
754 2519 979 2624 lideiussorepsi
997 2545 1071 2602 intra

103 2637 232 2700 tempus,
258 2624 333 2701 quod
355 2626 380 2682 ei
401 2625 497 2681 datum
517 2634 574 2696 est,
594 2641 650 2678 non
674 2623 848 2680 restituisset.
887 2621 924 2677 Et
943 2620 966 2675 si
985 2619 1071 2676 here-

104 2699 178 2755 ditas
198 2698 285 2774 petita
305 2700 356 2771 sit,
376 2695 476 2756 eadem
495 2699 568 2754 eirea
587 2696 692 2752 fructus
710 2696 912 2766 interveniunt,
931 2710 1005 2767 quae
1026 2690 1071 2746 di-

103 2773 198 2828 ximus
223 2773 391 2830 intervenire
414 2774 444 2830 in
468 2772 509 2829 sin
532 2770 639 2826 ularurn
663 2785 755 2824 rernm
776 2768 922 2844 petitione.
960 2764 1070 2820 illorum

105 2856 201 2902 autern
215 2843 371 2918 fructuum,
390 2864 460 2924 quos
475 2790 558 2920 cuppa
572 2859 623 2898 sua
637 2859 782 2916 possessor
794 2858 850 2898 non
866 2835 1024 2916 perceperit
1033 2831 1072 2966 2,

103 2920 135 2976 in
154 2930 273 2995 utraque
293 2920 404 2976 actione
424 2919 524 2977 eadem
543 2917 615 2973 ratio
635 2931 727 2989 paene
749 2914 886 2985 habetur,
912 2911 936 2967 si
963 2927 1031 2985 prae
1053 2928 1072 2966 o

102 2993 200 3050 fuerit.
238 2993 260 3048 si
280 2995 437 3050 verobona
456 2993 513 3049 fide
532 3006 676 3067 possessor
691 2986 792 3061 fuerit,
811 3006 867 3045 non
886 2986 1005 3042 habetur
1023 3001 1073 3040 ra-

103 3067 145 3122 tio
164 3067 441 3142 consumptorum),
461 3083 554 3141 neque
574 3081 629 3119 non
645 3073 859 3137 perceptorum3
879 3068 943 3136 post
954 3058 1073 3117 inchoa-

103 3151 163 3196 tam
191 3150 285 3196 autem
312 3142 476 3215 petitionem
501 3139 585 3197 etiam
604 3136 713 3192 illorum
723 3143 749 3210 t)
775 3137 845 3194 ratio
864 3135 1000 3208 habetur,
1023 3133 1072 3208 qui

102 3248 328 3268 Ἣ

162 3297 182 3350 i)
197 3297 244 3343 (lai.
258 3299 284 3342 ld
297 3299 345 3352 est,
360 3307 411 3341 ooo.
425 3297 467 3341 est.

163 3356 188 3408 e)
205 3364 273 3408 quom
287 3354 356 3409 quon.
371 3373 400 3386 -
427 3353 452 3404 b)
467 3351 552 3397 muns.
566 3375 594 3385 —
624 3353 646 3404 e)
662 3361 683 3395 s.
699 3349 874 3393 coromtudtce.
890 3369 918 3379 -
941 3347 965 3397 n)
980 3345 1072 3390 maico-

103 3411 162 3520 agripp
175 3411 319 3520 Μαρσικῷ
348 3411 407 3462 elsa.
421 3409 471 3453 stoa
484 3407 592 3462 marren,
608 3417 667 3461 quos
679 3406 819 3460 pacasse.
833 3425 862 3436 -
889 3401 995 3456 tiaeque
1008 3411 1072 3447 er-

133 3574 160 3626 o)
172 3573 231 3619 latr.
245 3572 416 3620 Heracleensis
430 3571 574 3626 atessam.
608 3567 696 3624 qulbus
716 3565 797 3612 musls
817 3561 917 3609 internis
934 3565 970 3619 n,
988 3564 1025 3608 tt.
1044 3585 1073 3601 ...

106 3631 258 3685 lsnengenb.
285 3629 359 3684 antiq.
381 3629 574 3674 nummorum.
608 3623 841 3688 eiunelnlusvon..
846 3623 877 3674 11,
885 3621 907 3664 4.
921 3620 940 3665 c
954 3620 1072 3674 coelet.

105 3687 155 3739 leg.
177 3697 201 3740 p.
218 3687 270 3730 ¹2².
284 3692 340 3740 snt.
375 3684 424 3729 Cle.
445 3696 468 3736 n.
487 3683 575 3728 Roscio
644 3681 668 3732 l)
689 3679 719 3724 1).
741 3679 771 3721 ele
792 3676 887 3720 ludroils
905 3677 935 3731 V,
958 3679 979 3720 l.
1001 3676 1018 3719 l.
1033 3674 1072 3719 40.

106 3743 222 3796 eom.tl.;
243 3743 279 3787 lul.
295 3753 318 3796 p.
333 3741 422 3786 Roscio
437 3741 520 3785 Aruer.
535 3739 574 3784 40.
608 3737 633 3793 S.
650 3739 671 3781 l.
701 3731 1072 3788 c.nssenr.v11‚tn1.ttt

105 3796 470 3854 emmerammenses.
500 3796 526 3840 c.
542 3803 575 3839 ex
609 3817 637 3827 -
653 3793 677 3846 2)
692 3794 711 3836 1.
727 3791 757 3834 sle
772 3790 853 3834 noxal.
869 3792 914 3834 aot.
929 3788 970 3847 lv,
987 3791 1009 3833 8.
1023 3795 1060 3837 ltr.
