2548 4342
233 249 297 312 122
338 249 487 307 lusrrrur.
511 245 559 304 Dn
573 261 718 304 success.
730 261 852 302 urerer.
866 242 923 313 ΙΙΙ,
935 248 964 299 7.
978 242 1040 323 (8.)
1060 236 1196 323 §,1'.-5‚

233 399 325 454 liberti
345 399 462 454 rorabat
481 410 649 468 patronum,
669 397 692 451 si
712 397 858 451 intestatus
878 401 1098 452 mortuusesset
1113 390 1201 446 liber·
1247 409 1248 452 l

234 484 294 544 tus,
312 473 387 528 nullo
406 491 457 529 suo
476 472 582 528 herede
604 471 709 526 relicto.
731 471 826 544 itaque
846 468 977 524 intestato
992 482 1108 552 quoque
1124 484 1201 520 mor·
1247 519 1248 526 ,

236 559 283 603 tuo
305 547 423 615 liberto,
443 547 467 602 si
487 547 509 602 is
528 565 608 602 suum
629 544 762 600 heredem
783 543 955 616 reliquisset,
979 540 1049 596 nihil
1069 541 1098 594 iu
1122 540 1202 595 bonis
1247 553 1248 612 3

235 624 294 680 eius
321 631 441 696 patrono
464 620 542 692 ius«)
570 630 638 676 erat.
684 618 721 673 Et
740 619 763 672 si
785 617 898 692 quidem
920 634 956 672 ex
976 614 1150 671 naturalibus
1169 612 1203 668 li·

235 697 309 752 heris
336 695 457 770 aliquem
481 713 560 749 suum
588 691 721 748 heredem
748 692 921 766 reliquisset,
952 690 1026 744 nulla
1054 687 1205 744 videbatur

235 767 366 845 querela3
386 770 409 824 si
431 785 496 823 vero
517 767 664 842 adoptivos
677 766 748 822 filius
765 776 853 834 esset,
874 775 972 837 aperte
987 764 1116 838 iniquum
1131 773 1206 828 erat,

209 843 305 907 tnihil
339 843 405 898 iuris
455 852 553 898 atrouo
579 843 775 917 superesse²).
833 839 899 906 Qua
928 838 964 894 de
991 856 1076 893 causa
1102 845 1206 911 postea

237 916 375 992 praetoris
408 861 499 972 edictu
525 916 597 972 haec
623 916 690 971 iuris
719 914 849 989 iniquitas
874 911 1026 969 emendata
1052 920 1105 966 est.
1145 910 1206 964 sire

237 991 310 1048 enim
331 988 454 1046 iaciebat
480 1000 675 1047 testamentum
699 988 835 1060 libertus,
865 988 1014 1044 iubebatur
1034 986 1073 1040 ita
1094 985 1205 1051 testari,

238 1076 268 1121 ut
287 1075 407 1138 patrono
429 1075 536 1138 partem
558 1064 702 1120 dimidiam
725 1065 860 1118 bonorum
880 1080 993 1118 suorum
1012 1059 1204 1134 relinqueret;

237 1149 266 1196 et
284 1139 306 1196 si
326 1150 375 1194 aut
393 1139 460 1194 nihil
479 1151 528 1194 aut
549 1139 638 1194 miuus
658 1139 744 1212 partis
763 1136 896 1192 dimidiae
916 1137 1084 1210 reliquerat,
1112 1132 1205 1188 daba-

236 1225 281 1270 tur
299 1225 419 1288 patrono
438 1226 536 1269 contra
555 1213 663 1268 tabulas
684 1213 841 1267 testamenti
863 1211 949 1284 partis
963 1208 1096 1265 dimidiae
1111 1208 1204 1262 bono-

236 1307 297 1344 rum
324 1289 471 1362 possessio.
509 1288 532 1342 si
557 1305 622 1342 vero
647 1287 793 1342 intestatus
812 1287 999 1356 moriebatur,
1023 1301 1075 1339 suo
1096 1280 1204 1338 herede

236 1363 331 1419 relicto
357 1361 414 1416 filio
440 1361 590 1435 adoptivo,
619 1358 738 1415 dabatur
758 1378 848 1435 aeque
870 1370 989 1434 patrono
1008 1366 1108 1412 contra
1129 1355 1204 1410 hune

235 1456 316 1492 suum
343 1433 475 1491 heredem
504 1436 589 1509 partis
618 1434 750 1489 dimidiae
780 1436 916 1489 bonorum
944 1431 1094 1508 possessio.
1136 1449 1203 1505 pro-

236 1511 318 1566 desse
334 1519 427 1564 autem
444 1508 543 1564 liberto
558 1508 684 1564 solebant
701 1507 736 1563 ad
753 1509 958 1564 excludendum
979 1517 1132 1582 patronum
1153 1523 1203 1559 ua-

237 1583 341 1639 turales
362 1582 456 1654 liberi,
480 1601 535 1638 nou
551 1583 650 1654 solum,
669 1601 740 1656 quos
757 1584 784 1638 in
806 1592 946 1658 potestate
962 1581 1058 1637 mortis
1075 1590 1202 1652 tempore

237 1655 382 1729 habebat,
403 1658 452 1712 sed
473 1657 557 1712 etiam
575 1658 683 1712 emanti
706 1657 764 1726 ati,
785 1668 813 1712 et
832 1657 861 1712 in
881 1656 1061 1731 adoptionem
1084 1655 1163 1724 dati,
1181 1654 1201 1709 si

238 1729 322 1787 modo
342 1731 491 1806 exaliqua
511 1741 591 1806 parte
611 1731 661 1786 her
700 1749 730 1786 es
748 1731 844 1806 scripti
866 1742 962 1802 erant,
989 1740 1037 1786 aut
1057 1727 1203 1803 praeteriti

238 1815 334 1862 contra
354 1805 462 1860 tabulas
487 1807 623 1861 bonorum
650 1805 851 1879 possessiouem
876 1825 911 1861 ex
931 1805 1024 1861 edicto
1044 1804 1202 1878 petierant:

207 1891 302 1937 anam
323 1879 486 1936 exheredati
506 1880 581 1935 nullo
601 1880 685 1935 modo
707 1879 882 1953 repellebant
900 1891 1048 1955 patronum
1061 1882 1097 1948 ³).
1119 1905 1121 1912 ·
1147 1878 1203 1933 Ρο-

237 1964 297 2011 stea
323 1953 385 2028 lege
404 1953 493 2028 Papia
521 1954 640 2009 adaucta
665 1963 729 2009 sunt
746 1954 809 2010 iura
828 1964 1029 2029 patronorum,
1055 1953 1103 2028 qui
1123 1952 1202 2008 locu-

236 2029 369 2104 pletiores
389 2028 502 2083 libertos
521 2027 672 2083 habebant.
711 2026 832 2084 Cautum
854 2038 895 2083 est
914 2027 999 2099 enim,
1021 2036 1051 2081 ut
1071 2044 1106 2082 ex
1123 2028 1203 2082 bonis

236 2105 313 2174 eius,
341 2103 388 2178 qui
412 2101 601 2158 sestertiorum
630 2111 742 2157 centurn
770 2103 883 2158 millium
911 2102 1108 2178 patrimonium
1137 2102 1203 2157 reli-

235 2185 352 2252 querat,
382 2186 410 2231 et
431 2176 583 2304 pauciores
611 2193 695 2250 quam
722 2186 777 2231 tres
804 2176 906 2232 liberos
933 2177 1072 2244 habebat,
1099 2175 1202 2232 sireis

238 2260 405 2306 testamento
444 2259 524 2318 acto,
554 2251 611 2306 sive
636 2252 766 2308 intestato
788 2262 913 2306 mortuus
933 2260 1009 2322 erat,
1034 2249 1118 2304 virilis
1139 2267 1202 2325 pars

238 2333 359 2399 patrono
386 2322 549 2379 debebatur.
587 2325 682 2398 itaque
708 2343 769 2379 curn
796 2344 880 2380 uuum
903 2324 988 2380 filiurn
1008 2323 1130 2380 filiamve
1153 2325 1201 2379 he·

238 2396 335 2452 redem
361 2397 513 2473 reliquerat
537 2397 668 2469 libertus,
704 2399 823 2472 perinde
847 2417 911 2474 pars
938 2397 1053 2454 dimidia
1082 2408 1200 2471 patrono

238 2471 411 2543 debehatur,
446 2473 502 2526 acsi
536 2473 559 2526 is
591 2473 650 2528 sine
685 2473 739 2528 ullo
770 2472 827 2528 filio
860 2473 951 2528 filiave
984 2473 1150 2528 decessisset
1161 2473 1201 2540 l);

239 2564 301 2602 cum
328 2545 398 2602 duos
426 2545 529 2601 duasve
556 2545 674 2602 heredes
704 2547 870 2622 reliquerat,
910 2548 992 2602 tertia
1019 2565 1084 2622 pars
1114 2547 1201 2602 debe-

239 2623 321 2676 batur
350 2629 486 2694 patrouo;
513 2619 536 2674 si
564 2630 619 2676 tres
644 2619 812 2696 reliquerat,
842 2622 1030 2696 repellebatur
1058 2630 1202 2694 patronus.

207 2709 225 2752 ³
239 2695 297 2752 Sed
314 2705 408 2750 nostra
423 2693 591 2765 constitutio,
612 2712 695 2768 quam
712 2713 762 2769 pro
778 2697 900 2750 omnium
916 2696 1032 2752 notione
1043 2693 1068 2770 e)
1090 2696 1203 2751 Graeca

239 2771 350 2857 lingua,
384 2767 583 2842 compendioso
615 2779 734 2823 tractatu
766 2769 876 2840 habito,
908 2770 1132 2844 composuimus,
1166 2771 1202 2823 ita

206 2851 210 2858 ’
238 2843 396 2900 huiusmodi
417 2860 515 2898 causas
535 2841 680 2915 definivit,
709 2853 755 2911 ut,
781 2844 805 2898 si
829 2843 942 2918 quidem
969 2845 1083 2900 libertus
1106 2844 1149 2900 vel
1170 2845 1203 2898 li-

241 2921 319 2973 berta
339 2917 459 2972 minores
479 2917 645 2972 centenariis
663 2918 733 2984 sint,
759 2916 786 2971 id
810 2928 852 2972 est
869 2920 958 2974 minus
977 2929 1088 2974 centum
1112 2919 1202 2974 aureis

240 2991 362 3045 habeant
382 2991 561 3044 substantiam
583 2989 636 3060 (sie
654 2993 727 3046 euim
749 2990 817 3064 legis
836 2989 943 3066 Papiae
959 3011 1094 3048 summam
1115 2994 1201 3048 iuter-

241 3063 343 3138 prelati
363 3081 476 3130 sumus,
503 3075 532 3117 ut
552 3082 603 3136 pro
624 3065 697 3120 mille
717 3065 850 3120 sestertiis
871 3085 941 3121 unus
962 3084 1064 3122 aureus
1083 3085 1201 3139 compu-

241 3143 345 3210 tetur),
374 3137 476 3219 nullum
496 3137 586 3192 locum
608 3137 710 3195 habeat
730 3150 864 3213 patronus
884 3134 912 3194 ih
931 3158 1027 3196 eorum
1048 3141 1201 3196 successio-

239 3231 322 3280 nem,
348 3211 370 3265 si
396 3221 489 3265 tamen
516 3221 711 3268 testamentum
731 3213 857 3270 iecerint.
896 3215 937 3270 sin
962 3225 1055 3270 autem
1080 3215 1198 3270 intestati

240 3285 428 3352 decesserint,
455 3284 529 3340 nullo
555 3286 705 3342 liberorum
731 3287 848 3358 relicto,
878 3299 943 3344 tuuc
964 3299 1128 3362 patronatus
1149 3287 1199 3351 ius,

237 3359 394 3437 quoderat
413 3376 449 3414 ex
468 3360 529 3434 lege
551 3359 697 3417 duodecim
719 3362 892 3433 tabularum,
918 3363 1055 3436 integrum
1075 3379 1200 3418 reserva-

237 3479 455 3494 ’‘n—⁶·-

292 3543 316 3592 a)
330 3542 397 3584 tuem.
412 3561 440 3570 -
469 3537 492 3588 h)
508 3537 604 3580 testulus
617 3538 654 3594 ct,
670 3539 791 3582 attestatus
805 3540 826 3582 d.
843 3561 870 3570 -
900 3540 921 3590 a)
936 3540 1036 3582 natione.
1104 3561 1105 3564 =

265 3664 289 3714 a)
305 3661 700 3716 1).tesuiset1egit.xxxv111,
740 3662 775 3706 rs.
791 3635 822 3696 -ξ
847 3665 871 3713 a)
888 3661 937 3706 cte.
953 3663 975 3705 u
991 3664 1061 3706 rere
1077 3665 1105 3707 u.
1122 3662 1136 3700 ι.
1160 3659 1192 3700 ts

239 3719 275 3763 td.
297 3719 313 3762 l.
328 3721 350 3762 3.
372 3729 407 3772 pr.
428 3741 457 3752 -
481 3719 536 3761 Tac.
552 3721 632 3761 arihel.
648 3719 699 3772 XV,
737 3719 766 3761 ll.
782 3722 805 3762 h.
821 3722 837 3763 l.
849 3723 868 3763 Ι.
