2520 4328
200 239 261 304 llo
306 239 456 298 lusuros.
488 235 823 294 Dnsnusroso'ruau.
843 231 949 302 111,5.
976 231 1009 314 g
1025 237 1146 290 5—7.

199 391 266 445 dum
287 406 348 444 esse
366 389 603 458 existimavimus,
624 384 804 460 respicientes
816 382 853 438 ad
866 391 1015 454 naturam,
1037 392 1071 437 et
1088 400 1184 468 puer-

201 464 308 538 perium
329 472 357 518 et
377 463 551 548 periculum
549 473 577 516 et
592 477 677 534 saepe
693 468 811 514 mortem
827 475 864 512 ex
879 456 934 512 boc
945 475 1013 512 casu
1032 456 1184 511 matribus

201 539 315 594 illatam.
342 536 492 624 ideoqpe
485 536 600 609 impium
621 550 681 589 esse
701 531 883 604 credidimus,
904 549 999 586 casum
1020 529 1185 586 fortuitum

201 614 229 668 in
250 613 309 668 eius
329 610 438 666 admitti
455 610 666 665 detrimentum:
687 607 710 662 si
727 607 800 662 enim
820 607 942 680 ingenua
962 615 1007 660 ter
1021 605 1068 662 vel
1090 605 1185 660 liber-

202 687 259 742 tina
286 694 386 760 quater
414 703 467 739 non
494 684 625 758 peperit,
653 682 791 736 immerito
813 649 1037 738 defraudabatur
1056 697 1190 736 succes-

201 762 280 816 sione
300 776 413 813 suorum
439 757 607 814 liberorum:
657 755 703 810 uid
723 755 796 811 enim
817 755 957 828 peccavit,
983 754 1006 810 si
1027 773 1091 810 non
1118 753 1190 829 plu-

203 851 263 904 res,
284 831 333 888 sed
354 849 460 918 paucos
479 827 672 918 peperitit
635 774 672 886 bt
686 829 835 884 dedrmus
828 847 870 884 rus
882 828 1037 915 legitimum
1053 829 1189 916 plepum

201 877 354 976 malribus,
372 905 430 961 sive
449 906 591 981 ingenuis,
609 905 665 960 sive
685 903 838 968 libertinis,
860 903 912 958 etsi
930 921 987 958 non
1005 912 1049 959 ter
1068 904 1188 958 enixae

1223 224 1231 364 l

202 981 306 1036 suerint
327 979 369 1034 vel
397 989 510 1054 quater,
536 979 584 1036 sed
612 997 675 1035 eum
697 988 804 1033 tanturn
824 977 962 1048 valeam,
991 978 1040 1052 qui
1060 993 1189 1054 quaere
1241 999 1242 1010 2

202 1064 292 1110 morte
312 1053 459 1140 intercepti
479 1063 564 1124 sunt,
586 1064 615 1108 ot
630 1052 711 1108 etsie
731 1061 863 1107 vocentur
882 1051 910 1105 in
929 1021 1088 1108 liberorum
1113 1069 1188 1106 suo·

172 1142 263 1186 arum
285 1127 437 1214 legitimam
462 1145 663 1184 successionem
675 1125 712 1199 ¹²)
759 1125 817 1182 Sed
839 1145 901 1181 cum
928 1137 1012 1182 antea
1033 1127 1187 1182 constitu·

203 1204 309 1274 tiones,
329 1202 390 1258 iura
409 1202 533 1276 legitima
554 1209 776 1276 perscrutantes,
796 1201 897 1275 partim
913 1210 1033 1256 matrem
1051 1201 1186 1256 adiuva-

204 1278 288 1348 bant,
316 1278 415 1348 partim
443 1295 506 1332 eam
532 1275 771 1351 praegravabant,
797 1284 825 1330 et
842 1293 899 1330 non
919 1275 947 1329 in
966 1274 1094 1330 solidum
1117 1293 1184 1331 eam

203 1353 358 1422 vocabant,
385 1350 469 1407 sed
462 1370 490 1406 m
540 1348 685 1405 uibusdam
711 1349 837 1419 casibus,
863 1349 973 1435 tertiam
1003 1361 1126 1424 partem
1157 1349 1182 1404 ei

203 1425 413 1495 abstrahentes,
433 1369 661 1511 certislegitimis
675 1423 782 1478 dabant
797 1424 936 1498 personis,
954 1423 982 1478 in
999 1424 1085 1480 aliis·
1077 1435 1182 1480 autem

202 1499 372 1556 contrarium
398 1498 555 1556 faciebant:
585 1498 664 1554 nobis
692 1497 780 1554 visum
808 1508 864 1571 est,
891 1508 968 1553 recta
995 1509 1023 1554 et
1052 1497 1181 1573 simplici

203 1575 248 1628 via
273 1582 391 1628 matrem
417 1573 546 1628 omnibus
572 1570 701 1647 legitimis
728 1573 853 1646 personis
878 1575 1029 1658 anteponi,
1061 1584 1097 1628 et
1121 1574 1180 1628 sine

1239 1109 1244 1386 i

204 1646 259 1702 ulla
287 1645 477 1704 deminutione
504 1615 624 1704 filiorum
652 1664 765 1702 suorum
794 1647 995 1702 successionem
1023 1648 1178 1734 accipere,
1240 1689 1242 1705 ι

202 1731 323 1806 excepta
348 1719 441 1776 fratris
467 1729 495 1777 et
517 1722 620 1778 sororis
645 1737 783 1796 persona,
811 1721 868 1776 sive
886 1723 1091 1790 consanguinei
1116 1723 1179 1787 sint,
1240 1756 1242 1794 1

205 1795 263 1850 sive
289 1794 348 1850 sola
377 1796 550 1883 cognationis
576 1796 638 1852 iura
666 1794 824 1866 babentes,
855 1803 902 1866 ut,
929 1795 1178 1882 quemadmodum

205 1887 268 1924 eam
290 1878 349 1925 toto
369 1870 422 1926 alio
442 1870 533 1926 ordini
549 1867 673 1943 legitimo
693 1869 920 1958 praeposuimus,
940 1881 978 1924 sta
997 1888 1101 1925 omues
1118 1871 1181 1926 sra-

206 1955 261 1998 tres
281 1953 309 1998 et
327 1960 453 2016 sorores,
478 1945 535 2000 sive
555 1943 670 2030 legitimi
689 1945 760 2014 sint,
783 1943 839 1998 sive
859 1963 934 2030 non,
958 1943 994 1998 ad
1016 1945 1178 2018 capiendas
1239 1928 1242 1998 l

123 2031 124 2034 ’
205 2017 376 2074 hereditates
394 1987 474 2074 simbl
494 2035 644 2090 vocemus,
663 2017 701 2074 ita
718 1983 829 2090 talnen,
848 2026 892 2088 ut,
913 2017 935 2074 si
955 2017 1070 2092 quidem
1096 2020 1179 2075 solae
1242 2028 1244 2080 ’.

204 2110 315 2147 sorores
332 2101 453 2177 agnatae
470 2091 513 2147 vel
531 2102 685 2177 cognatae,
707 2101 735 2146 et
755 2061 844 2148 matdr
863 2091 986 2148 defuncti
1005 2093 1050 2148 vel
1066 2093 1177 2150 defun-

204 2176 267 2222 ctae
291 2165 446 2240 supersint,
472 2155 615 2221 dimidiam
635 2134 748 2241 quidem
767 2176 871 2237 mater,
899 2166 1015 2222 alteram
1038 2185 1111 2223 vero
1135 2168 1178 2222 di-

204 2240 319 2294 midiam
341 2249 449 2312 partem
469 2257 565 2294 omnes
587 2257 697 2296 sorores
714 2239 859 2312 babeant,
881 2242 905 2295 si
924 2258 989 2296 vero
1010 2252 1106 2298 matre
1130 2262 1178 2298 su·

205 2313 320 2387 perstite
334 2324 363 2367 et
377 2311 464 2369 fratre
479 2313 522 2368 vel
536 2312 667 2369 iratribus
681 2313 761 2384 solis,
773 2315 824 2401 ,vel
837 2314 921 2370 etiarn
938 2333 999 2370 cum
1018 2317 1176 2386 sororibus,

206 2388 262 2442 sive
282 2385 444 2472 legitima'
424 2405 480 2442 sive
500 2387 560 2442 sola
580 2389 756 2475 cognationis
772 2388 833 2446 iura
847 2389 1030 2462 habentibus,
1052 2391 1177 2447 intesta-

206 2471 250 2514 tus
278 2461 338 2533 qnis
358 2461 400 2515 rel
421 2460 553 2517 intestata
572 2464 722 2536 moriatur,
749 2463 775 2518 in
797 2463 890 2538 capita
910 2433 1093 2520 distribtlatur
1115 2467 1176 2522 eius

206 2533 394 2603 bereditas⁵).

176 2620 194 2664 o
263 2607 320 2664 Sed
340 2607 575 2683 quemadmodum
596 2627 647 2665 nos
665 2610 799 2666 matribus
818 2610 1030 2696 prpspeximm,
1056 2611 1096 2666 ita
1126 2631 1177 2668 eas

206 2690 318 2756 oportet
336 2700 405 2739 suae
424 2682 512 2737 soboli
530 2684 691 2741 consulere:
712 2685 820 2740 scituris
836 2685 893 2756 eis,
913 2684 1004 2759 quod,
1025 2684 1048 2740 si
1064 2695 1176 2744 tutores

205 2757 299 2814 liberis
319 2775 374 2812 non
395 2757 542 2831 petierint,
563 2759 629 2814 vel'
621 2777 650 2813 m
670 2759 760 2814 locum
780 2759 879 2815 remoti
899 2759 940 2814 vel
956 2761 1083 2815 excusati
1097 2761 1176 2816 intra

207 2850 312 2887 annum
333 2841 429 2917 petere
452 2831 646 2905 neglexerint,
675 2833 711 2887 ab
732 2851 829 2889 eorum
849 2833 1026 2908 impuberum
1045 2835 1177 2892 morien-

206 2907 274 2960 tium
294 2906 470 2960 successione
489 2907 588 2963 merito
607 2907 822 2992 repellentur⁶).

178 2988 194 3030 ι
268 2977 349 3034 Licet
375 2991 468 3035 autem
495 2980 576 3056 vulgo
603 2981 744 3055 quaesitus
770 2982 805 3037 sit
830 2980 901 3036 filius
928 2980 1041 3052 filiave,
1077 2993 1176 3056 potest

206 3051 255 3180 adt
269 3053 347 3196 bppa
377 3054 436 3108 eius
466 3067 556 3110 mater
587 3073 622 3110 ex
647 3055 821 3112 'lertulliano
849 3019 1091 3112 senatusconslrlto
1118 3058 1175 3113 ad-

206 3145 243 3181 ιιιι
256 3126 298 3181 ιι

205 3245 424 3254 ›na—...m

234 3300 669 3354 4)c.ueiure1to.v111,⁵o...12
703 3303 806 3356 uuiaet
821 3305 1098 3359 tutvatt‘sas
1104 3307 1174 3362 ,11.,

207 3357 467 3409 -5)(>....1111-
495 3360 670 3411 6)D.ll..l2
705 3361 1173 3416 doleg.treredt⁷158.1.t⁰.-

146 3420 149 3427 '
205 3415 295 3468 aaa..
301 3414 671 3469 .t⁷.;qutpet..,.rutxxvlo
705 3417 728 3468 1)
746 3419 880 3461 onia
897 3419 959 3472 Η.

205 3471 471 3525 ι...ιιςι..ιι..ι
501 3447 671 3527 c.n...1tsls.;

1143 4271 1227 4314 Nx

1238 2229 1244 2551 1
