2516 4328
28 340 188 400 lusurus.
212 336 260 394 De
273 355 357 408 oar..,
370 354 419 404 un.
433 355 477 394 ux
491 355 563 397 nrt..
577 355 608 396 n.
622 337 676 408 tv,
693 342 718 396 l.
738 335 880 418 §.tr-e.
930 335 994 400 15⁹

89 484 208 541 Furtum
230 494 323 540 auteur
342 483 393 555 fir,
422 502 477 540 oon
497 484 603 557 solum,
632 503 693 540 cum
716 484 777 560 quis
799 483 1029 562 intercipiendis

27 577 120 615 causa
135 577 194 614 rem
212 559 332 613 alienam
349 569 482 628 amovet,
501 559 550 614 sed
568 559 751 632 generaliter,
770 577 832 614 cum
847 559 909 634 quis
922 559 993 614 alie*

28 651 102 689 nam
130 651 189 688 rem
210 631 295 687 inrito
315 631 428 686 domino
447 628 664 704 contractat¹¹).
703 630 801 707 ltaque
820 631 878 688 sire
898 631 993 688 credi-

28 718 79 762 tor
107 705 247 781 pignore,
273 704 331 762 sire
354 705 394 772 is,
420 704 495 779 apud
514 723 597 780 quem
616 722 662 760 res
680 704 808 780 deposita
825 716 881 775 est,
909 721 944 762 en
961 722 992 760 re

28 790 153 849 utatur,
178 778 293 850 sireis,
318 777 365 854 qui
386 795 444 833 rem
465 778 595 833 utendam
617 777 741 852 accepit,
759 778 788 832 io
809 778 892 842 alium
913 796 994 834 osum

29 871 100 910 eam
128 851 294 922 transferat,
327 867 410 926 quom
439 853 515 907 cuius
542 851 631 925 gratia
658 851 683 906 ei
709 851 775 907 data
800 861 858 923 est,
888 850 996 907 lurtum

29 926 193 983 committit.
214 926 298 980 veluti
316 925 416 1000 siquis
435 935 581 998 argentum
601 923 733 979 utendum
748 924 897 1000 acceperit,
914 924 994 1000 quasi

30 1000 141 1056 amicos
162 998 198 1056 ed
218 1015 334 1054 coenem
353 997 530 1069 invitaturus,
550 1008 577 1053 et
596 997 625 1054 id
641 1015 759 1072 peregre
776 1016 869 1054 secum
884 998 994 1068 tulerit,

30 1084 86 1129 aut
105 1073 128 1129 si
147 1073 209 1148 quis
229 1090 348 1147 equom,
367 1071 495 1146 gestandi
515 1088 598 1126 causa
620 1071 826 1127 commodatum
841 1072 910 1140 sibi,
929 1071 993 1128 lon-

30 1148 99 1222 gius
119 1145 213 1221 aliquo
233 1145 365 1214 duxerit,
394 1143 469 1219 quod
490 1155 596 1200 veteres
615 1145 783 1218 scripserunt
807 1144 843 1200 de
866 1163 920 1217 en,
946 1144 995 1220 qui

31 1223 60 1276 in
84 1219 174 1276 aciem
194 1237 296 1294 equum
318 1217 556 1292 perduxisset¹²).
600 1215 707 1274 Placuit
726 1228 839 1287 tamen,
860 1236 925 1290 eos,
946 1217 1027 1292 quit

32 1295 122 1350 rebus
141 1292 324 1348 commodatis
349 1290 430 1347 aliter
448 1301 606 1362 uterentur,
633 1309 716 1366 quarn
738 1291 855 1349 utendas
874 1309 996 1366 occepea

33 1369 107 1438 rint,
127 1367 165 1422 ita
185 1365 287 1422 lurtum
308 1365 496 1433 committere,
515 1365 538 1421 si
557 1382 586 1419 se
606 1364 769 1439 intellegant
787 1365 815 1420 id
835 1365 921 1421 inrito
940 1365 996 1421 do-

32 1441 113 1496 mino
134 1439 246 1508 facere,
273 1456 410 1514 eumque,
436 1438 458 1494 si
478 1437 675 1510 intellexisset,
704 1456 761 1494 non
780 1439 996 1511 permissurum,

34 1533 88 1585 ac,
114 1514 137 1568 si
156 1515 353 1600 permissurum
377 1512 507 1581 credant,
533 1522 612 1567 extra
633 1514 737 1568 crimen
758 1512 862 1570 rideri:
888 1513 995 1600 optime

33 1603 106 1644 sane
136 1586 328 1658 drotiuctione,
362 1587 427 1660 quia
457 1585 560 1640 lurtum
588 1585 648 1640 sine
675 1583 777 1641 affectu
803 1586 915 1642 furandi
939 1604 996 1642 non

34 1660 280 1732 committitnr¹³).
335 1657 392 1714 Sed
413 1666 457 1728 et,
478 1658 500 1712 si
526 1656 623 1713 credat
642 1657 755 1733 aliquis,
776 1659 861 1715 invito
879 1660 994 1716 domino
1007 1669 1028 1710 e

34 1754 67 1790 se
95 1752 153 1789 rem
174 1731 377 1789 commodatam
403 1731 455 1786 sibi
481 1740 671 1801 contractare,
698 1730 813 1788 domino
831 1743 924 1789 autem
944 1752 995 1789 ro-

35 1809 114 1864 lente
133 1807 160 1862 id
181 1806 250 1877 fiat,
279 1806 378 1861 dicitur
396 1804 499 1860 lurtum
521 1822 575 1861 non
596 1803 666 1860 fieri.
705 1805 778 1860 unde
796 1805 862 1861 illud
882 1807 995 1881 quoesi-

35 1893 97 1936 tom
119 1892 176 1953 est,
199 1899 261 1936 cnm
279 1880 370 1934 Titius
390 1897 497 1934 serrum
516 1876 619 1933 Maerii
637 1877 841 1946 sollicitaverit,
860 1890 890 1933 nt
910 1897 995 1953 quas-

35 1955 104 2010 dam
125 1973 169 2010 res
188 1953 301 2010 domino
322 1952 475 2026 subripiat,
502 1951 585 2008 etad
605 1968 668 2008 enm
709 1950 828 2022 erlernt,
854 1961 882 2007 et
901 1969 998 2007 servus

35 2029 65 2083 id
95 2027 131 2083 ad
159 2026 297 2083 Maesium
325 2026 489 2101 pertulerit,
515 2024 658 2093 Maevius,
699 2043 744 2080 um
768 2025 825 2080 vult
841 2025 946 2080 Titium
967 2025 999 2079 in

34 2103 100 2176 ipso
128 2099 229 2156 delicto
257 2099 485 2174 deprehendere,
512 2099 670 2172 permiserit
693 2117 772 2155 serro
797 2098 932 2173 quasdam
952 2115 998 2154 res

35 2175 76 2232 ad
101 2191 165 2230 euro
188 2172 339 2267 perferre,
367 2183 457 2228 utrum
481 2171 563 2244 lorti,
588 2190 624 2231 en
650 2173 721 2228 servi
746 2173 869 2248 corrupti
893 2171 1001 2228 iudicio

36 2259 170 2304 teneatur
194 2249 296 2317 l’itios,
316 2265 351 2303 ao
369 2241 490 2302 neutrol
508 2255 537 2302 et
558 2264 621 2301 cnm
640 2245 719 2302 nobis
739 2264 824 2320 super
842 2245 896 2301 hac
914 2245 998 2302 dubi-

36 2322 146 2378 tatione
176 2330 336 2396 suggestom
362 2330 419 2392 est,
449 2328 478 2375 et
503 2319 679 2395 antiquorum
708 2319 886 2394 prodentium
912 2337 997 2394 super

35 2395 94 2452 hoc
113 2395 306 2452 altercationes
325 2394 538 2468 perspeximus,
559 2393 723 2468 quibusdam
739 2411 830 2470 neque
844 2392 928 2462 lorti,
945 2411 999 2448 oe-

37 2487 95 2544 que
112 2469 181 2524 serri
206 2468 328 2542 corrupti
344 2469 480 2522 actionem
500 2469 726 2542 praestantibus,
747 2467 912 2544 quibusdam
929 2466 1000 2530 furti

37 2541 248 2599 tantummodo:
270 2560 321 2598 nos
338 2540 496 2598 huiusmodi
516 2541 657 2597 calliditati
677 2541 786 2598 obviam
806 2552 921 2615 euntes,
946 2559 1000 2616 per

36 2627 163 2673 nostram
189 2615 356 2671 decisionem
383 2615 545 2684 sanximus,
573 2633 628 2670 non
654 2614 742 2671 solum
761 2615 828 2670 surti
848 2615 996 2686 actionem,

37 2690 90 2746 sed
117 2690 199 2745 etiam
225 2691 295 2744 servi
322 2689 443 2761 corrupti
468 2698 565 2743 contra
590 2705 654 2744 eum
680 2687 757 2744 dari:
784 2689 848 2743 licet
874 2689 948 2743 enim
974 2689 1000 2742 is

38 2781 135 2820 servus
157 2763 278 2818 deterior
296 2779 313 2817 a
328 2761 504 2817 sollicitatore
512 2761 534 2831 s)
561 2761 674 2818 minime
689 2759 779 2816 lactus
798 2770 856 2829 est,
884 2772 913 2816 et
932 2758 1000 2814 ideo

38 2855 97 2892 oon
122 2846 288 2892 concurrant
314 2833 445 2909 regulae,
470 2851 543 2908 qnae
562 2834 633 2889 servi
653 2833 776 2962 corrupti
795 2833 933 2888 actionem
953 2833 998 2887 in-

39 2911 238 2982 troducerent,
259 2920 352 2965 tamen
369 2907 511 2964 consilinm
531 2906 699 2982 corruptoris
714 2925 729 2962 a
766 2905 914 2979 perniciem
929 2923 999 2982 pro-

40 2984 135 3038 bitatis
154 2984 225 3040 servi
245 2982 431 3038 introductum
453 2990 510 3051 est,
531 2991 560 3036 ot
576 2981 610 3036 sit
624 2981 650 3036 ei
668 2979 794 3056 poenalis
813 2979 886 3035 actio
905 2979 999 3055 impo-

38 3057 110 3128 sita,
142 3068 284 3132 tamquam
312 3055 428 3130 reipsa
453 3053 551 3110 suisset
577 3072 672 3110 sersus
695 3063 863 3128 corruptus,
906 3071 942 3110 ne
963 3071 999 3110 ex

38 3131 198 3186 huiusmodi
227 3129 391 3206 impunitate
426 3138 454 3183 et
482 3128 510 3182 in
541 3128 624 3184 alium
646 3145 773 3199 serrum,
804 3128 852 3202 qui
875 3127 998 3234 possitt)

39 3204 198 3278 corrumpi,
218 3205 274 3260 tale
292 3202 399 3258 lacinus
419 3219 436 3256 a
454 3201 619 3275 quibusdam
638 3201 868 3278 pertenteturl)¹
890 3199 914 3276 ).
951 3201 1033 3256 lo-tt

38 3277 151 3332 terdum
170 3277 253 3332 etiarn
274 3277 422 3331 liberorum
442 3273 584 3330 hominurn
599 3274 702 3332 lurtum
723 3273 775 3346 fit,
795 3273 879 3331 relnti
897 3275 920 3331 si
938 3275 1000 3348 quis

38 3350 191 3406 liberorum
211 3360 386 3421 nostrorum,
415 3348 462 3423 qui
484 3347 513 3402 in
533 3359 672 3423 potestate
688 3358 783 3405 nostra
802 3347 913 3422 sonti),
932 3347 1000 3402 suls-

41 3484 260 3499 *-

96 3556 115 3609 n
130 3556 183 3602 ner.
198 3570 213 3602 a
226 3560 317 3604 aarum.
333 3581 359 3592 -
390 3560 414 3615 g)
426 3557 498 3614 factu
509 3570 533 3611 ρ.
549 3577 578 3590 -
598 3558 792 3610 ritmorum.
808 3578 836 3591 -·
856 3555 874 3610 ι)
888 3557 946 3609 nur,
961 3555 998 3598 ur.

70 3681 151 3726 llll).
167 3681 196 3724 de
211 3691 262 3737 aco.
278 3683 504 3736 possxnnate.
537 3693 572 3736 pr.
595 3682 619 3734 s.
638 3684 657 3725 t.
679 3683 695 3726 1.
711 3681 748 3726 76.
769 3693 819 3738 pr.;
848 3684 878 3728 de
901 3683 1003 3728 condiet.

40 3737 66 3786 ,e
86 3737 119 3778 ro.
137 3757 165 3767 -
196 3740 234 3790 rr)
250 3741 309 3783 our
324 3739 376 3792 vu,
395 3741 429 3782 m.
449 3740 503 3783 vu.
537 3739 592 3784 run.
608 3739 663 3782 xur
688 3740 708 3783 r.
729 3739 745 3782 r.
764 3739 799 3790 ro,
819 3763 847 3773 -
877 3741 916 3792 ra>
933 3741 959 3782 u.
976 3741 1000 3784 r.

38 3792 269 3852 rrax.v111,r,s.
299 3795 502 3840 unimur.
537 3771 718 3850 luneio.
740 3815 767 3827 -
800 3794 1000 3847 monim.
