2516 4328
156 366 306 428 lrrsrrrur.
333 361 721 440 unbauranamma.
739 369 790 430 Pr.
810 369 841 451 ἕ.
857 377 884 428 t.
951 371 1013 437 163

20 523 148 572 tamen
170 513 209 570 ita
233 513 368 588 competit
387 513 458 571 baec
479 515 568 586 actio,
596 516 620 571 si
642 515 708 572 dolo
727 515 802 573 malo
822 517 938 593 quisque
965 537 1012 577 rs·

23 587 163 663 puerit:
190 587 237 662 qui
258 587 351 663 aliquo
377 604 474 644 errore
492 588 637 658 inductos,
658 608 736 646 suam
756 607 816 647 rem
836 608 898 648 esse
915 591 1013 651 existi·

25 677 132 718 mans
141 659 181 734 ⁸),
201 670 230 716 et
242 659 405 736 imprudens
419 661 502 734 iuris,
520 679 556 718 eo
570 663 663 720 auimo
678 663 786 738 rapuit,
805 664 884 739 quasi
898 664 1012 722 domino

26 735 134 794 liceat
162 751 221 790 rem
247 751 326 790 suam
353 733 437 791 etiam
464 751 516 810 per
542 735 595 791 vim
621 736 769 793 auferrea
793 739 1012 812 possessoribus,

30 805 160 864 absolvi
179 805 275 865 debet.
312 807 357 864 cni
377 807 481 865 scilicet
499 809 666 866 conveniens
685 819 749 882 est,
770 828 822 867 nec
839 810 906 868 furti
925 813 1012 869 teneri

32 899 136 950 eum,
162 880 211 956 qni
235 879 337 936 eodem
363 879 417 936 boc
438 880 532 938 animo
557 884 658 958 rapuit.
703 882 761 940 Sed
782 901 834 953 ne,
860 885 926 942 dum
947 887 1013 942 talia

33 953 264 1029 excogitentur,
290 953 447 1010 inveniatur
469 956 531 1023 sia,
557 974 608 1042 per
634 973 718 1032 quam
744 968 871 1032 raptores
899 960 1012 1035 impune

33 1045 131 1085 suam
152 1036 302 1085 exerceant
320 1027 480 1088 avaritiam:
502 1028 599 1085 melius
617 1028 752 1086 divalibus
771 1032 1012 1090 constitutionibus

37 1119 104 1176 pro
125 1099 181 1157 hoo
205 1111 285 1174 parte
304 1113 482 1177 prospectum
499 1112 562 1175 est,
585 1113 616 1159 ut
636 1103 741 1160 nemini
760 1103 842 1161 liceat
864 1106 888 1159 vi
911 1123 1013 1181 rapere

36 1192 110 1230 rem
131 1173 280 1247 mobilem,
306 1174 349 1231 rei
367 1192 398 1231 se
420 1187 593 1247 moventem,
622 1175 686 1233 licet
710 1194 787 1232 suam
812 1178 931 1234 eandem
954 1197 1011 1236 rem

40 1247 208 1319 existimet3
236 1246 285 1304 sed
307 1247 331 1303 si
351 1248 412 1324 quis
438 1257 536 1305 contra
561 1259 665 1306 statuta
688 1248 803 1323 iecerit,
831 1252 872 1307 rei
898 1252 1011 1328 quidem

41 1338 122 1380 suae
146 1319 270 1377 dominio
296 1319 419 1394 cadere,
447 1322 603 1380 sinautem
625 1323 787 1397 alienauit,
813 1335 877 1400 post
898 1327 1012 1382 restitu-

41 1395 159 1450 tionem
186 1393 262 1464 eius,
288 1394 372 1450 etiam
397 1395 618 1453 aestimationem
644 1396 769 1453 eiusdem
796 1399 837 1454 rei
857 1409 1011 1472 praestare.

43 1466 131 1544 quod
147 1484 202 1523 non
216 1467 304 1523 soiom
319 1467 508 1525 inmobilibus
523 1471 616 1543 rebus,
636 1488 709 1546 quae
723 1469 784 1546 rapi
798 1484 923 1546 possunt,
943 1491 1012 1529 con-

41 1539 212 1596 stitutiones
234 1540 360 1597 obtinere
379 1552 567 1614 censuerunt,
595 1544 644 1599 sed
663 1545 747 1600 etiam
766 1544 795 1598 in
815 1545 1011 1618 invasionibus,

45 1631 127 1690 quae
147 1613 220 1671 circa
238 1613 453 1686 resedibant,
473 1626 502 1671 ut
518 1634 555 1672 ex
574 1616 627 1672 bac
646 1635 729 1673 cansa
749 1619 823 1673 omni
843 1619 940 1694 rapina
958 1619 1013 1674 hn-

45 1688 143 1743 mines
164 1686 367 1763 abstineant³).
423 1686 499 1744 Sane
528 1689 555 1744 in
578 1688 668 1762 haer)
698 1690 808 1746 actione
834 1711 889 1748 non
917 1693 1041 1768 ntiques

46 1770 236 1835 expectator,
264 1777 323 1817 rem
347 1761 377 1816 in
400 1760 481 1817 bonis
506 1763 607 1818 actoris
626 1780 703 1820 esse:
728 1779 793 1818 nom
809 1764 866 1819 sire
885 1766 912 1821 in
932 1766 1012 1822 bonis

46 1834 107 1901 sit,
126 1833 183 1890 sive
200 1851 256 1892 oon
276 1833 326 1906 sit,
351 1834 374 1889 si
393 1843 485 1891 tamen
506 1852 541 1891 ex
562 1835 642 1891 bonis
661 1836 715 1906 sit,
737 1836 828 1892 locum
850 1837 921 1894 haee
939 1840 1011 1895 actio

48 1907 177 1964 babebit.
214 1905 311 1973 Quare
328 1907 386 1964 sive
405 1908 603 1980 commodata,
624 1909 809 1979 nivelonem,
834 1910 891 1966 sive
910 1912 1013 1986 pigne-

47 1990 137 2051 rata,
160 1980 217 2036 sire
235 1978 353 2055 etiam‘)
380 1980 507 2055 deposita
526 1982 561 2038 sit
580 1982 657 2070 apud
677 1982 783 2038 Titium
802 1981 858 2051 sic,
877 1992 907 2037 ut
925 1984 1015 2040 iuter-

47 2055 91 2110 sit
109 2054 183 2126 eins,
203 2069 265 2109 eam
285 2052 371 2129 nous)
391 2053 510 2128 auferri,
528 2056 612 2112 veluti
627 2056 650 2111 si
667 2055 695 2112 in
710 2073 740 2112 re
758 2055 885 2130 deposita
902 2056 1012 2131 cuipam

51 2144 167 2204 quoqne
185 2127 331 2202 promisit,
357 2126 415 2184 sire
434 2128 510 2184 bonu
531 2128 587 2186 fide
605 2129 768 2204 possideat,
795 2129 853 2185 sire
873 2130 1015 2186 usumfru-

51 2211 130 2256 ctum
152 2200 181 2255 in
204 2217 238 2256 ea
263 2201 323 2289 quis
350 2199 475 2274 habeat,
504 2203 547 2259 vei
572 2203 648 2278 qnod
676 2201 750 2258 aliud
772 2201 830 2275 ios,
857 2212 887 2260 ut
905 2204 1014 2260 intersit

52 2275 134 2344 eiusf
151 2291 299 2348 nonrap1:
319 2273 467 2332 dicendum
483 2285 540 2349 est,
559 2286 719 2351 competere
734 2275 760 2332 ei
777 2276 850 2333 banc
865 2277 1014 2346 actionem,

53 2357 87 2401 nt
114 2349 204 2418 nont)
231 2345 383 2404 dominium
411 2349 547 2425 arripiat,
573 2350 623 2406 sed
649 2350 715 2406 iilud
741 2349 848 2422 solum,
876 2350 952 2426 quod
977 2369 1012 2406 ex

54 2420 136 2476 bonis
161 2421 234 2493 eius,
281 2421 307 2476 ui
334 2422 460 2497 rapinam
483 2441 581 2498 passus
603 2433 661 2493 est,
684 2423 775 2479 idest
796 2423 1013 2499 qnodexsnb-

53 2494 157 2549 stantia
174 2494 234 2549 eius
253 2512 269 2549 a
290 2493 457 2552 iatumesse
476 2509 659 2573 proponatur.
684 2508 713 2554 et
731 2499 899 2572 generaliter
915 2498 1013 2554 dinen-

55 2567 123 2622 dnm
144 2576 185 2624 est
192 2606 202 2636 ,
229 2585 265 2623 ex
286 2567 385 2644 quibus
403 2570 493 2625 causis
510 2571 577 2626 furti
597 2572 670 2627 actio
690 2571 824 2646 competit
843 2572 871 2627 in
892 2589 922 2627 re
942 2571 1012 2627 clam

53 2640 152 2713 senta,
172 2657 208 2696 ex
227 2640 335 2698 iliadem
355 2643 444 2698 causis
463 2662 560 2701 omnes
578 2643 686 2701 habere
704 2644 778 2701 hano
794 2645 930 2701 actionem
941 2646 976 2719 ⁴).

326 2794 513 2849 arnonus
545 2798 743 2850 rnamns.
991 2873 994 2880 ι

158 2893 287 2970 ¹)DE
350 2894 527 2960 LEGE
588 2895 912 2971 AQU1Ltn.

112 3017 214 3074 Damni
239 3017 356 3075 iniuriae
384 3019 456 3076 actio
481 3019 656 3076 constituitur
680 3040 731 3097 per
749 3020 839 3150 lep'em
858 3021 1055 3098 Aquiliaml’r.

58 3092 134 3147 euius
152 3093 241 3168 primo
262 3092 354 3166 rapite
375 3103 485 3148 cantum
505 3103 569 3165 est,
590 3106 636 3163 ut,
660 3097 682 3150 si
703 3096 764 3172 quis
804 3096 924 3152 ominem
943 3097 1013 3154 aiie-

59 3183 139 3235 num,
159 3164 312 3221 alienamve
332 3165 563 3254 quadrupedem,
581 3185 655 3256 quae
677 3170 814 3244 pecudum
834 3188 949 3228 narmern
969 3171 1013 3244 sit,

59 3237 156 3293 iniuria
174 3237 328 3310 occiderit,
352 3250 449 3314 quanti
472 3258 507 3296 ea
533 3259 577 3297 res
596 3259 624 3296 m
643 3259 678 3298 eo
698 3261 772 3299 anno
791 3244 900 3318 plurimi
919 3243 1014 3311 suerit,

58 3320 162 3367 tontum
183 3311 298 3367 domino
317 3311 385 3368 dare
405 3312 553 3370 damnetur
565 3309 601 3388 ²).
641 3313 727 3381 Quod
748 3326 841 3373 autem
857 3334 913 3371 nnn
926 3326 1039 3392 prae-t

114 3470 743 3528 cirratorum..persna..;..snurrmet.-
772 3470 1012 3525 o)oet.snm,oet.

59 3526 148 3569 bon·-
176 3527 389 3582 metarique·
418 3525 632 3582 operosum-
660 3528 767 3582 mutat.

88 3648 111 3699 3)
126 3647 152 3693 Ι).
165 3649 188 3692 Ιι.
202 3649 249 3694 Μ.
264 3649 290 3701 s.
300 3651 349 3704 18.;
364 3650 427 3706 quod
442 3653 519 3696 metus
582 3651 605 3703 t)
621 3648 671 3695 cui.
686 3652 728 3707 ur,
744 3647 887 3695 rto...rse.
908 3651 936 3694 Ι).
952 3650 984 3696 sd
996 3652 1015 3696 1.

61 3712 132 3748 ouuss
148 3705 189 3761 lv,
210 3705 233 3749 2.
254 3705 271 3748 l.
289 3705 324 3750 18.
361 3705 387 3750 c.
409 3706 472 3750 onds
493 3705 519 3750 ri
552 3705 691 3762 Anniblx,
708 3707 730 3750 2.
760 3706 786 3751 c.
802 3707 1017 3758 eodum&-

62 3758 157 3868 §iip'b
170 3759 225 3859 libi.
241 3761 277 3806 1⁰.
293 3781 321 3794 —
349 3760 374 3814 4)
389 3762 418 3808 Ι).
433 3763 457 3808 b.
469 3762 518 3808 Η.
552 3763 576 3812 2)
590 3763 619 3808 D.
634 3763 657 3808 b.
672 3764 689 3807 l.
706 3765 726 3808 i.
742 3773 776 3817 pr.
791 3763 839 3809 M.
854 3773 890 3818 pt.
905 3764 921 3807 l.
929 3764 966 3809 21.
977 3775 1014 3818 pr·
