2566 4344
232 307 297 376 lou
348 310 496 376 laemrnr.
521 309 580 383 Qu.
592 324 670 368 oron.
684 325 752 368 oen.
765 326 851 367 roan.
864 307 980 378 lima.
990 311 1068 383 (δα)
1081 305 1115 388 5.
1124 313 1154 365 5.
1163 314 1195 370 l.

233 461 300 547 item
317 477 353 515 ex
368 455 477 547 direpeo
489 455 642 548 lllpmerior
654 455 791 548 Negidius
806 456 987 544 interrogarit
1000 455 1196 542 Aulumbge·

233 551 321 590 mom:
375 529 461 606 uotud
480 529 527 589 laba
544 531 669 588 lwdiamo
686 530 730 587 dte
745 545 795 604 pur
806 528 979 605 Apulam
993 526 1195 602 monam

354 607 378 673 '‚
395 603 425 662 id
443 617 521 664 mlle
537 603 652 663 ltaliam
668 599 825 678 oropum?
844 601 991 676 respondit
1010 601 1099 656 Aulon
1118 604 1141 655 Α
1163 619 1193 654 e-

205 693 306 736 aram:
323 676 414 745 liobam
427 684 610 753 umaptiauque
620 673 727 752 tulil)⁸
746 717 752 730 .
788 673 939 732 Praeterea
954 674 1105 730 novatione
1121 619 1196 728 tolli-

233 761 280 808 tur
291 751 435 836 obligatip.
459 749 552 806 Veluti
561 751 587 836 'ai
601 749 640 822 id,
660 767 697 824 qo
749 757 779 804 tu
793 747 860 804 Seio
873 748 989 816 debean,
1008 765 1025 803 a
1038 747 1121 802 Titio
1135 746 1195 833 dari

233 823 380 970 aipigrlatua
392 818 467 896 llil).
481 840 546 880 nam
559 831 716 879 interventu
729 837 819 878 norae
832 838 971 896 perenm
984 838 1058 877 nora
1071 831 1198 876 nasutnr

310 896 377 968 atio,
397 904 426 950 et
438 896 530 970 prima
544 895 647 952 tollitur
665 895 799 952 banalata
812 895 846 950 iu
856 890 1055 969 pomeriorum,
1076 893 1151 950 adeo
1166 901 1196 948 ut

234 968 390 1041 interdum,
409 968 474 1024 linet
492 970 631 1044 posterior
647 969 681 1024 rti
703 968 788 1025 olatio
807 967 909 1024 imrtilir
921 969 973 1038 ait,
995 977 1089 1023 tamen
1105 968 1197 1040 prima
1265 976 1266 979 ’

233 1042 390 1098 novationis
414 1041 475 1098 iure
494 1042 607 1099 tollitur.
645 986 729 1098 velim
746 1040 835 1113 riid,
862 1041 938 1130 qood
958 1050 987 1096 tu
1006 1040 1084 1096 Titio
1105 1039 1199 1103 debe-

234 1117 300 1186 bas,
321 1133 338 1172 a
355 1114 460 1190 pupillo
477 1117 537 1172 aine
556 1115 655 1172 tutoris
669 1115 835 1172 auotoritate
848 1115 995 1190 stipulatur
1010 1112 1119 1185 luerit,
1141 1132 1198 1188 qno

235 1207 299 1247 earu
319 1206 363 1246 rea
382 1187 532 1246 omittiturr
560 1206 625 1245 nam
645 1197 674 1244 et
693 1188 770 1263 prior
784 1186 896 1244 debitor
913 1188 1063 1255 liberator,
1090 1198 1122 1243 et
1142 1204 1196 1262 po-

235 1264 335 1320 sterior
358 1260 491 1336 obligatio
516 1261 591 1318 nulle
607 1271 658 1322 ert.
694 1278 751 1317 non
770 1259 846 1317 idem
864 1261 932 1317 iuria
951 1269 1009 1332 ent,
1027 1260 1053 1315 ri
1073 1277 1092 1315 a
1114 1276 1196 1316 neruo

235 1337 297 1412 quie
322 1334 468 1410 stipulatus
492 1333 594 1393 suerit:
623 1351 690 1390 nam
715 1343 782 1390 tono
805 1333 884 1408 prior
909 1333 1027 1408 proinde
1055 1332 1200 1407 obligatus

234 1419 346 1477 manet,
366 1409 422 1464 aori
440 1416 539 1483 postea
558 1407 648 1464 nullus
666 1406 813 1482 stipulatur
830 1406 938 1464 suisset.
976 1405 1035 1463 Sed
1053 1406 1078 1461 ri
1094 1405 1197 1466 eadem

234 1499 356 1557 perrona
379 1481 431 1547 rit,
455 1499 473 1535 a
499 1497 556 1556 qua
581 1489 683 1556 poatea
700 1480 861 1556 stipularis,
889 1481 928 1536 ila
948 1479 1062 1536 demum
1083 1481 1197 1536 novatio

234 1555 284 1623 lit,
312 1555 336 1609 ai
368 1552 435 1627 qnid
460 1553 488 1607 in
515 1554 670 1628 posteriore
695 1553 874 1630 stipulatione
900 1554 964 1609 novi
989 1554 1044 1624 ait,
1070 1551 1147 1610 torte
1174 1554 1195 1607 ri

236 1625 363 1684 condicio
382 1634 430 1680 aut
450 1624 510 1681 dier
529 1636 578 1682 aut
596 1625 743 1683 fideiussor
760 1626 923 1699 adiicietur,
950 1636 999 1683 aut
1021 1625 1194 1683 detrahatur.

257 1698 313 1756 uod
338 1707 431 1754 autem
458 1698 593 1772 diximus,
625 1701 649 1756 oi
676 1700 802 1757 condicio
830 1699 991 1771 adiiointur,
1016 1699 1196 1756 novationem

235 1719 319 1844 llari,
340 1771 380 1828 nic
398 1772 521 1846 intellegi
541 1782 668 1848 oportet,
695 1783 725 1829 ut
742 1773 782 1829 ita
800 1773 925 1830 dicamus
944 1773 1047 1828 saetam
1066 1773 1196 1829 novatio-

235 1864 318 1918 nem,
350 1845 374 1900 si
396 1845 522 1902 condicio
549 1845 689 1917 extiterit3
721 1846 863 1922 alioquin,
887 1847 910 1902 si
935 1844 1086 1918 defecerit,
1113 1844 1196 1900 durat

235 1920 313 1998 prior
334 1917 475 1994 obligatio.
512 1917 571 1974 Sed
595 1937 658 1976 oum
682 1919 737 1976 boo
764 1920 877 1995 quidem
901 1920 974 1976 inter
997 1929 1106 1976 veteres
1126 1937 1196 1974 con-

235 1995 345 2061 stabat,
374 2001 440 2048 tuuc
466 1990 528 2047 fieri
554 1989 786 2068 novationem),
814 2011 876 2049 oum
901 1991 1023 2048 novandi
1046 1993 1145 2048 animo
1169 1991 1198 2046 in

235 2065 387 2125 retundam
405 2064 603 2140 obligationem
616 2066 685 2122 itum
701 2065 809 2140 suerat3
829 2084 881 2142 per
898 2066 952 2123 boc
966 2075 1061 2122 antem
1080 2064 1198 2120 dubium

236 2151 313 2210 erat,
336 2138 450 2214 quando
470 2138 591 2194 novandi
611 2139 705 2196 animo
725 2138 868 2196 videretur
885 2139 940 2196 boo
957 2137 1035 2211 fieri,
1061 2147 1092 2194 et
1132 2156 1198 2194 nas-

236 2215 302 2270 dam
322 2213 359 2268 de
378 2211 432 2268 hoc
450 2213 692 2286 praesumptiones
712 2212 758 2268 alii
776 2213 805 2268 in
826 2213 887 2274 aliie
904 2213 1014 2270 caribus
1032 2157 1198 2267 introduce-

236 2289 321 2344 bant:
347 2285 412 2342 ideo
438 2295 535 2341 nostra
554 2287 690 2361 prouenit
712 2287 889 2360 constitutio,
918 2303 993 2362 qnae
1020 2286 1199 2360 apertissime

238 2359 376 2429 definivit,
395 2367 461 2414 tuno
478 2359 568 2414 oolunr
587 2357 649 2416 fieri
667 2361 862 2433 novationem,
882 2361 1013 2436 quotiens
1030 2357 1087 2414 boo
1104 2359 1197 2432 iprum

237 2434 310 2488 inter
337 2431 532 2487 contrahentes
557 2449 721 2520 expremunr
746 2432 847 2505 fuerit,
874 2433 949 2508 quod
969 2442 1088 2519 propter
1108 2449 1196 2487 nora-

238 2505 343 2560 tionem
368 2503 467 2576 prioris
493 2503 668 2578 obligationis
695 2518 906 2576 convenerunt,
932 2506 1054 2580 alioqum
1082 2522 1196 2560 manere

239 2587 268 2634 et
292 2576 436 2652 pristinam
462 2574 676 2652 obligationem,
703 2589 731 2635 et
755 2579 906 2636 recondam
933 2580 961 2635 ei
983 2577 1140 2650 acoedere,
1167 2589 1195 2630 nt

237 2657 353 2706 maneat
372 2665 408 2705 ex
425 2657 543 2736 utraque
561 2667 646 2708 naum
664 2652 812 2726 obligatio,
831 2653 984 2710 remndum
1001 2661 1115 2709 noemae
1128 2670 1196 2708 aon-

237 2723 386 2781 etitutionir
404 2719 598 2793 definitiones,
616 2741 687 2800 quaa
696 2725 718 2797 ¹)
738 2725 801 2783 lieet
819 2743 855 2782 ex
872 2727 959 2801 ipaiuo
974 2725 1095 2782 lectione
1112 2741 1196 2800 aper·

152 2829 154 2832 ·
207 2799 291 2855 ttius
313 2797 529 2872 cognoscare⁹).
575 2797 637 2855 Hoo
662 2798 795 2873 amplius:
821 2799 876 2855 bae
901 2799 1102 2872 obligationes,
1122 2801 1195 2874 quae

237 2890 373 2928 consensu
404 2869 621 2945 contrabuntur,
652 2873 792 2928 oontraria
825 2872 968 2928 voluntate
998 2868 1194 2928 diaoolvuntur.

235 2961 310 3002 numv
329 2946 353 3001 ai
372 2943 465 2998 Titius
489 2953 518 3001 et
537 2942 621 3000 Seios
647 2944 768 3002 interea
788 2946 994 3017 ooneenseriut,
1023 2954 1054 3000 ut
1076 2944 1195 3000 landum

237 3017 427 3072 Torculanum
458 3025 584 3091 amptum
615 3015 699 3088 Seius
730 3018 854 3085 baberet
883 3028 994 3076 orntum
1028 3033 1194 3086 aureorum,

237 3088 360 3160 deiude,
376 3105 408 3144 re
424 3089 548 3144 nondum
566 3101 679 3163 recola,
697 3090 726 3147 id
746 3101 789 3148 art
805 3109 898 3167 noque
936 3091 1007 3148 ratio
1021 3090 1125 3164 soluto,
1144 3109 1197 3146 ne-

237 3177 293 3237 que
307 3159 396 3217 fundo
411 3160 525 3233 tradito,
542 3162 679 3235 placuerit
694 3165 768 3220 inter
780 3174 889 3238 eoo,.ut
905 3111 1098 3221 illreederetur
1111 3165 1148 3220 ab
1162 3181 1198 3219 ea

290 3373 317 3425 lt)
330 3371 396 3418 boon
413 3371 542 3416 verborum
560 3371 704 3424 danudon,
724 3371 778 3414 edd.
797 3371 926 3415 nonnullae
940 3371 1009 3416 duom
1023 3372 1052 3416 lJ.
1069 3373 1157 3424 mn,
1171 3373 1196 3414 l.

234 3428 298 3473 lle.
313 3426 534 3481 transscripserunt
550 3449 579 3461 -
606 3425 624 3479 l)
637 3427 679 3469 llll
692 3425 838 3471 Salamin
866 3426 981 3471 Similiter
994 3437 1060 3472 mox.
1075 3449 1105 3460 -
1131 3427 1158 3478 k)
1171 3437 1196 3469 a.

233 3482 360 3550 [amam
374 3482 569 3540 nusquam.-
597 3483 615 3536 l)
630 3481 796 3538 definitorum,
812 3492 887 3536 quoru

263 3623 331 3674 atu.
342 3623 395 3666 eor.
409 3623 486 3678 ωας
502 3621 531 3668 aa
542 3624 698 3678 armam
732 3620 790 3666 noa
805 3622 893 3678 xum,
909 3624 931 3666 a.
958 3623 987 3667 o.
1003 3621 1055 3666 eoa
1070 3621 1139 3678 vm,
1156 3619 1198 3664 ee

210 3704 212 3708 .
236 3679 274 3720 tlt.
296 3678 350 3723 lt.
369 3679 392 3722 4.
412 3679 435 3721 b.
451 3677 474 3722 9.
495 3679 520 3733 s.
535 3681 556 3722 2.
577 3680 594 3721 l.
611 3681 647 3722 lb.
671 3697 700 3710 κ-
733 3676 875 3729 praeeartlnr
888 3680 904 3722 l.
919 3677 957 3724 ln.

232 3733 260 3782 9)
275 3733 343 3778 aaut.
359 3739 419 3778 nent.
435 3734 464 3790 V,
480 3734 502 3776 8.
531 3734 559 3778 n.
576 3734 607 3778 do
620 3743 699 3778 uora—
891 3767 895 3770 .
934 3781 937 3786 ,
