2520 4328
32 306 201 363 lusrrrur.
237 302 282 360 Du
299 321 461 361 axnunnn.
480 319 586 360 tirsus.
605 302 647 372 ll,
665 307 714 361 15.
734 303 786 360 Pr.
807 300 881 383 51.
896 307 927 362 2.
971 303 1020 394 75Ι

213 481 401 534 rrnunus
426 481 624 536 nncrnus
650 483 850 535 rnnrrus.

59 583 181 666 1)[)Ε
216 579 656 646 EXHEREDATIONE
686 581 991 647 LIBERORUM.

90 722 165 778 Non
189 730 303 793 tamen,
332 732 362 777 ut
381 721 541 778 omnimodo
563 721 654 777 valeat
673 730 886 792 testamentum,
907 720 1055 776 suffiritt‘r.

32 798 109 854 haec
132 795 317 862 observatio,
337 813 421 869 quam
438 813 521 869 supra
540 796 727 868 exposuimus.
765 794 840 865 Sed,
861 795 907 869 qui
926 795 1011 850 tilium

33 873 62 924 in
85 878 241 945 potestate
267 867 370 939 habet,
397 867 617 943 curareldebet,
645 877 674 924 ut
695 885 758 924 eum
780 867 913 924 heredem
934 868 1012 924 insti-

34 955 116 1015 tuat,
149 942 199 998 vel
226 941 396 998 exheredem
425 941 586 996 nominatim
613 941 713 998 saciat:
743 940 882 1016 alioquin,
907 941 929 996 si
948 960 1011 997 euru

34 1015 152 1072 silentio
174 1016 376 1090 praeterierit,
397 1015 529 1070 inutiliter
546 1016 711 1086 testabitur,
734 1015 805 1070 adeo
826 1014 953 1088 quidem,
974 1025 1013 1082 ut,

34 1091 90 1145 etsi
109 1090 177 1145 rivo
200 1098 282 1162 patre
301 1087 373 1144 filius
392 1098 517 1144 mortuus
535 1088 588 1155 sit,
613 1105 696 1144 nemo
714 1088 795 1143 heres
815 1107 850 1143 ex
872 1106 906 1143 eo
926 1099 1012 1143 testa-

37 1173 137 1218 mento
161 1159 288 1218 existere
308 1161 411 1237 possit,
440 1163 505 1237 quia
524 1161 627 1218 scilicet
649 1162 685 1216 ab
705 1162 783 1216 initio
804 1180 859 1216 non
880 1162 1012 1216 constite-

38 1238 73 1291 rit
88 1245 306 1292 testamentum.
333 1234 391 1291 Sed
407 1253 463 1290 non
480 1236 518 1290 ita
533 1235 568 1290 de
582 1235 701 1302 filiabus,
716 1235 757 1290 vel
771 1234 829 1290 aliis
844 1253 894 1309 per
907 1235 1012 1289 virilem

37 1328 140 1365 sexum
153 1309 393 1366 descendentibus
407 1308 500 1364 liberis
510 1309 651 1383 utriusque
661 1325 745 1364 sexus
754 1307 847 1363 suerat
856 1308 1012 1382 antiquitati

39 1385 245 1439 observatum:
266 1382 331 1454 sed,
353 1383 375 1438 si
395 1401 450 1438 non
470 1381 581 1438 fuerant
599 1381 718 1438 heredes
737 1382 831 1456 scripti
848 1381 1013 1455 scriptaeve,

41 1457 83 1510 rel
111 1455 284 1512 exheredati
309 1455 555 1526 exlreredataere‚
592 1464 787 1511 testamentum
817 1455 929 1529 quidem
957 1473 1012 1510 non

41 1529 259 1601 infirmabatur,
279 1529 320 1585 ius
334 1538 426 1584 autem
443 1530 618 1584 accrescendi
633 1530 673 1584 eis
687 1530 722 1584 ad
738 1539 841 1584 certam
856 1528 1012 1604 portionem

44 1605 256 1676 praestabatur.
294 1603 344 1658 sed
363 1619 416 1658 nec
436 1603 599 1658 nominatim
618 1621 666 1657 eas
686 1620 820 1676 personas
840 1601 1014 1657 exheredare

43 1677 214 1748 parentibus
242 1693 355 1732 necesse
383 1685 458 1746 erat,
485 1675 534 1731 sed
561 1676 662 1730 licebat
687 1686 715 1728 et
741 1676 813 1730 inter
832 1686 939 1730 ceteros
961 1675 1015 1730 hoc

45 1747 188 1824 t'arere2).
230 1749 392 1820 nominatim
417 1759 509 1804 autem
537 1749 702 1804 exheredari
727 1749 787 1822 quis
808 1749 933 1815 videtur,
956 1749 1039 1802 siret

45 1826 82 1877 ita
99 1821 312 1879 exlreredetur:
345 1825 447 1895 fillius,
466 1819 538 1892 tilius
555 1840 645 1889 meus,
663 1819 772 1876 cultores
791 1827 861 1892 esto,
880 1822 936 1876 sire
956 1823 1011 1877 ita:

43 1895 114 1965 filius
133 1913 215 1952 metes
235 1893 343 1952 cultores
361 1902 431 1966 esto,
460 1913 515 1950 non
534 1895 644 1950 adiecto
665 1895 780 1969 proprio
801 1895 930 1964 nomine,
959 1895 1013 1948 sci-

47 1970 109 2024 licet
136 1971 161 2026 si
190 1969 262 2024 alius
288 1967 361 2023 filius
388 1987 445 2024 non
472 1977 557 2024 extet.
593 1967 719 2024 Postumi
737 1985 848 2042 quoque
869 1967 949 2022 liberi
971 1967 1014 2023 rel

46 2042 166 2099 heredes
208 2042 315 2098 institui
348 2040 466 2113 debent,
503 2042 544 2097 rel
576 2040 750 2097 exheredari.
791 2051 819 2096 et
845 2041 872 2096 in
899 2057 934 2095 eo
962 2056 1013 2115 par

47 2117 171 2172 omnium
193 2114 322 2172 condicio
342 2126 403 2182 est,
428 2113 503 2191 quod
521 2123 550 2171 et
568 2115 596 2170 in
615 2114 672 2170 filio
697 2123 825 2188 postumo
846 2124 874 2170 et
895 2113 920 2167 in
940 2130 1013 2187 quo-

48 2189 115 2246 libet
135 2208 172 2246 ex
193 2189 294 2245 ceteris
312 2187 422 2260 liberis,
444 2189 501 2244 sive
519 2187 645 2244 seminini
664 2206 762 2259 sexus,
783 2188 840 2242 sire
860 2186 1014 2254 masculini,

48 2264 229 2335 praeterito,
261 2262 334 2317 valet
358 2262 472 2338 quidem
492 2271 706 2329 testamentum,
731 2261 779 2316 sed
802 2271 901 2336 postea
924 2278 1014 2334 agna-

49 2336 123 2391 tione
143 2335 269 2410 postumi
287 2335 344 2390 sive
363 2344 510 2410 postumae
530 2335 683 2410 rumpitur,
700 2344 727 2390 et
746 2353 779 2390 ea
799 2334 906 2390 ratione
924 2344 1013 2390 toturn
1052 2376 1054 2380 .

49 2408 232 2478 infirmaturr,
251 2408 372 2482 ideoque
398 2409 422 2464 si
448 2409 564 2480 mulier,
593 2426 628 2465 ox
651 2426 705 2484 qua
747 2418 870 2464 ostumus
890 2417 938 2462 aut
960 2425 1014 2482 po-

51 2491 140 2538 stuma
160 2482 344 2558 sperabatur,
372 2483 501 2538 abortum
520 2481 638 2554 lecerit,
666 2427 952 2557 nihilimpedimento
972 2490 1014 2535 est

52 2555 157 2684 scriptis
178 2555 330 2612 heredibus
351 2555 386 2610 ad
405 2555 589 2612 hereditatem
610 2555 776 2611 adeundam.
814 2555 864 2611 sed
888 2554 1013 2610 seminini

52 2629 96 2701 qui
118 2647 162 2685 em
183 2647 269 2684 sexus
288 2630 461 2702 personaret)
481 2629 524 2685 vel
542 2630 723 2699 nominatim,
750 2629 793 2685 vel
814 2630 886 2684 inter
906 2639 1013 2683 ceteros

52 2701 219 2758 exheredari
244 2701 384 2759 solebant.
413 2702 479 2758 dum
498 2711 609 2770 tamen,
635 2703 657 2758 si
675 2703 748 2758 inter
765 2712 873 2758 ceteros
893 2701 1013 2756 exhere-

52 2773 171 2848 dentur,
201 2773 304 2849 aliquid
329 2777 369 2832 eis
395 2777 519 2850 legetur,
548 2794 583 2832 ue
610 2775 755 2832 videantur
776 2793 828 2848 per
846 2774 1011 2829 oblivionem

54 2849 222 2919 praeteritae
242 2866 321 2918 esse,
347 2849 484 2906 masculos
504 2867 569 2904 vero
589 2859 747 2922 postumus,
768 2848 797 2903 id
818 2858 859 2904 est
879 2847 963 2901 lilium
985 2857 1014 2901 et

54 2920 203 2997 deinceps,
228 2922 353 2995 placuit,
379 2941 435 2978 non
455 2922 536 2979 aliter
554 2933 629 2978 recte
648 2920 829 2991 exheredari,
849 2920 901 2975 nisi
922 2920 1013 2974 norni-

54 2995 137 3050 uatirn
170 2995 395 3068 exheredentur,
425 2995 479 3052 hoc
504 2996 607 3052 scilicet
632 2995 735 3052 modo:
770 2996 924 3070 qrricrtmrpro
950 2991 1016 3050 milri

54 3063 123 3134 filisu
135 3071 241 3142 ponitus
258 3067 354 3141 suerit,
373 3068 481 3126 tuberes
496 3076 551 3128 mlo
562 3069 599 3140 ³).
636 3068 830 3125 Postumorurn
846 3078 939 3124 autem
954 3069 1043 3123 locos

57 3149 117 3195 sunt
142 3150 171 3196 et
198 3141 244 3212 lri,
264 3142 333 3270 qui,
359 3142 386 3197 in
412 3144 455 3197 sui
475 3142 586 3200 heredis
605 3143 695 3198 locum
719 3141 910 3214 succedendo,
929 3141 1014 3228 'quasi

57 3213 250 3285 agnascendo,
292 3225 341 3272 unt
361 3216 524 3290 parentibus
540 3217 583 3272 sui
602 3216 729 3273 heredes.
767 3227 796 3271 ut
814 3232 893 3288 ecce,
913 3235 935 3271 sr
956 3215 1016 3290 quis

110 3393 134 3441 a)
147 3393 274 3444 postumo.

87 3512 109 3563 t)
125 3512 174 3556 cte.
189 3515 218 3558 de
233 3517 292 3559 orat.
308 3515 330 3568 1,
347 3513 384 3556 38.
399 3513 438 3557 at.
467 3513 518 3558 Cat.
551 3513 593 3557 lib.
614 3515 716 3566 practer.
731 3513 777 3568 vl,
794 3511 832 3554 ts.
846 3509 904 3563 (h.l;
925 3509 955 3552 dc
969 3519 1015 3560 uu·

58 3565 245 3620 {blattam
274 3569 464 3624 mutauxtnt,
481 3569 518 3614 rt.
552 3569 638 3612 stirmis
653 3571 697 3622 vl,
714 3569 752 3613 te.
773 3589 801 3600 -
830 3566 935 3616 stum.
957 3565 975 3609 1.
992 3565 1013 3607 t.

59 3621 124 3666 ··28·
152 3627 356 3675 Paul.sent.111‚
372 3625 459 3682 ttae.
488 3627 518 3670 l).
552 3627 575 3670 2.
593 3625 616 3668 8.
637 3636 671 3677 pr.
693 3627 709 3670 1.
725 3625 747 3668 t.
768 3623 806 3666 td.
827 3632 862 3674 pr.
883 3619 953 3665 batt
974 3621 1015 3664 ar.

59 3674 90 3716 tle
106 3678 148 3743 lib.
168 3685 192 3726 ct
213 3684 274 3734 post.
295 3681 407 3737 xxvm,
424 3682 446 3724 2.
462 3683 518 3734 (tuit
553 3681 579 3725 C.
595 3682 618 3725 lt.
632 3682 649 3724 l.
664 3681 686 3724 t.
701 3705 729 3714 -
757 3680 781 3730 3)
797 3679 857 3722 (rell.
872 3678 913 3733 ΙΙΙ,
929 3677 964 3731 tt,
977 3677 1014 3720 ro

60 3729 190 3782 dorrdusto
205 3740 275 3790 rupto
290 3737 396 3795 xxvm,
412 3739 435 3781 3.
451 3738 519 3783 &do
552 3738 581 3780 l).
596 3737 651 3781 lul.
667 3736 703 3780 te.
793 3789 852 3846 Μ
