2520 4328
34 303 187 358 lnsrrrnn.
224 299 272 356 1111
292 316 435 357 success.
453 319 616 358 nronnron.
637 301 692 403 m?
707 309 736 358 7.
753 301 813 380 (8.)
835 301 886 360 Pr.
938 301 999 364 121

32 468 68 505 ex
93 449 141 504 iila
163 449 229 521 lege
248 448 406 520 specialiter
427 459 645 519 convocantes,
672 449 729 504 sive
748 449 799 504 soli
816 449 1001 518 inveniantur,

33 525 80 598 qui
101 524 130 578 in
155 521 291 578 servitute
311 523 387 593 nati,
413 537 442 578 et
463 533 560 595 postea
581 522 741 578 manumissi
760 533 841 590 sunt,
867 524 924 580 sive
945 543 1000 580 una

33 617 95 652 curn
116 596 189 668 aliis,
212 596 260 671 qui
280 606 343 668 post
359 596 515 652 libertatem
534 608 680 668 pareutum
700 596 827 670 concepti
845 608 922 669 sunt,
943 601 1000 654 sire

32 690 69 726 cx
95 669 200 726 eadem
229 681 337 740 matre,
362 669 404 725 vel
429 688 466 726 ex
491 670 591 727 eodem
612 681 709 743 patre,
735 670 793 725 sive
811 688 847 726 ex
867 671 927 728 aliis
948 691 1001 728 nu-

34 745 142 818 pilis-t
170 743 209 798 ad
230 743 436 800 similitudinem
457 762 572 816 eorum,
595 745 642 820 qui
661 763 697 799 ex
716 744 792 798 iustis
811 746 913 818 nuptiis
933 763 1000 819 pro-

34 819 120 874 creati
139 819 272 888 sunt¹⁰).
301 867 302 874 ,

87 890 231 964 Repetitis
245 891 341 964 itaque
357 893 493 963 omnibus,
512 909 585 966 quae
599 893 654 946 iam
670 889 841 963 tradidimus,
863 911 999 964 purga)
1015 908 1041 952 ll

34 977 175 1038 apparet,
205 982 262 1020 non
282 981 393 1036 semper
413 984 479 1036 eos,
506 968 554 1040 qui
575 983 670 1038 parem
690 965 807 1038 gradum
829 967 1002 1039 cognationis

34 1041 180 1111 obtinent,
202 1039 309 1112 pariter
329 1036 499 1114 vocari¹¹),
520 1047 611 1114 eoque
630 1039 764 1112 amplius,
784 1057 837 1094 nec
855 1057 918 1094 eum
939 1043 1001 1116 qui-

35 1114 115 1185 dem,
145 1113 196 1189 qui
223 1112 379 1185 proximior
403 1114 438 1168 sit
461 1125 613 1186 cognatus,
640 1130 751 1185 semper
771 1114 908 1186 potiorem
929 1132 1001 1171 esse.

36 1207 96 1241 curn
118 1191 195 1242 enim
216 1187 307 1260 prima
326 1204 410 1242 causa
429 1188 464 1242 sit
483 1206 595 1242 suorum
615 1186 767 1258 heredum,
788 1204 915 1262 quosque
930 1189 1003 1244 inter

36 1281 98 1316 suos
117 1260 242 1317 heredes
262 1260 317 1314 iam
338 1261 575 1333 enumeravimus,
597 1270 733 1333 apparet,
756 1273 939 1334 pronepotem
959 1263 1003 1318 vel

37 1337 206 1409 abnepotem
223 1333 347 1390 defuncti
363 1335 498 1408 potiorem
514 1352 584 1406 esse,
604 1353 687 1410 quam
700 1333 815 1391 fratrem
831 1344 878 1390 aut
892 1346 999 1409 patrem

37 1419 211 1484 matremque
236 1407 376 1475 defuncti,
402 1427 463 1464 cum
491 1409 612 1484 alioquin
631 1419 712 1482 pater
730 1408 842 1483 quidem
864 1420 893 1464 et
912 1420 1002 1466 mater

38 1484 80 1554 (ut
102 1501 189 1556 supra
214 1500 328 1557 quoque
352 1482 529 1554 tradidimus)
550 1482 668 1556 primum
688 1482 806 1556 gradum
827 1483 1001 1556 cognationis

39 1557 196 1629 obtineant,
225 1556 314 1612 frater
342 1574 406 1612 vero
433 1556 602 1624 secundum,
630 1573 772 1630 pronepos
799 1567 892 1613 autem
919 1559 1000 1614 tertio

38 1632 123 1703 gradu
151 1633 187 1687 sit
216 1639 367 1704 cognatus,
395 1640 422 1686 et
450 1632 576 1705 abnepos
603 1640 717 1704 quarto;
746 1630 946 1704 recimerem,
972 1633 1000 1688 in

39 1715 175 1778 potestate
198 1705 344 1761 morientis
361 1703 461 1772 suerit,
488 1721 525 1758 an
546 1723 622 1775 non,
649 1704 724 1779 quod
745 1704 788 1759 rel
809 1707 1001 1780 emancipatus

40 1779 79 1833 rel
106 1797 140 1836 ex
168 1779 363 1854 emancipato,
392 1789 441 1833 ant
463 1795 499 1833 ex
515 1777 648 1833 feminino
668 1796 735 1832 sexu
757 1790 930 1852 propagatus
949 1791 1001 1837 est.

39 1855 135 1909 amotis
155 1870 271 1928 quoque
291 1853 347 1908 suis
364 1851 525 1923 heredibus,
545 1869 672 1927 quosque
690 1851 762 1906 inter
783 1871 847 1907 suos
860 1853 979 1910 heredes
996 1867 1046 1918 (la)

41 1928 127 1981 vocari
148 1926 294 1992 diximus,
324 1936 458 2000 agnatus,
507 1927 534 1981 ui
553 1927 691 2000 integrum
711 1926 753 1981 ius
773 1927 930 2000 agnationis
949 1926 1002 1982 ha-

41 1999 99 2071 bet,
119 2002 230 2057 etiamsi
247 2000 409 2075 longissimo
430 1945 519 2075 gradu
539 2001 590 2072 sit,
616 1999 781 2074 plerumque
801 2001 894 2074 potior
912 2000 1003 2056 habe-

39 2083 96 2144 tur,
130 2093 214 2150 quam
249 2074 404 2149 proximior
439 2083 591 2149 cognatus:
627 2091 691 2129 nam
725 2075 818 2147 patrui
844 2092 934 2149 nepos
959 2075 1003 2130 rel

41 2164 180 2224 pronepos
204 2149 341 2204 avunculo
360 2149 404 2203 rel
422 2159 590 2204 materterae
605 2146 775 2222 praefertur.
796 2149 898 2204 totiens
919 2149 1003 2219 igitur

41 2221 175 2294 dicimus,
203 2232 254 2279 aut
274 2223 411 2297 potiorem
431 2221 529 2278 haberi
549 2240 612 2278 euru
623 2263 632 2290 ,
651 2222 698 2297 qui
718 2222 917 2296 proximiorem
936 2239 1003 2296 gra-

40 2294 103 2350 dum
128 2297 306 2371 cognationis
332 2296 457 2362 obtinet,
483 2307 532 2352 aut
557 2296 663 2370 pariter
682 2296 773 2352 vocari
793 2314 858 2368 eos,
885 2297 933 2373 qui
953 2315 1003 2352 co-

41 2370 113 2440 gnati
133 2380 219 2442 suut,
245 2371 373 2445 quotiens
394 2387 487 2444 neque
506 2388 619 2426 suorum
641 2370 775 2426 heredum
795 2372 869 2443 iure,
899 2371 1003 2447 quique

42 2442 109 2497 inter
125 2462 190 2500 suos
206 2444 326 2500 heredes
343 2453 420 2513 sunt,
443 2461 533 2518 neque
551 2444 708 2518 agnationis
725 2445 785 2500 iure
802 2445 900 2521 aliquis
918 2463 1002 2521 prae-

41 2514 103 2572 ferri
119 2517 241 2589 debeat,
262 2517 414 2574 secundum
432 2534 482 2589 ea,
503 2536 576 2592 quae
593 2517 772 2585 tradidimus,
799 2521 924 2595 exceptis
942 2519 1002 2576 sra-

43 2599 82 2644 tre
108 2602 135 2647 ct
162 2611 262 2649 sorore
291 2591 488 2666 emancipatis,
522 2592 569 2667 qui
596 2592 632 2646 ad
656 2593 857 2648 successionem
884 2593 1002 2650 fratrum

42 2663 81 2717 rel
98 2683 228 2722 sororum
247 2676 389 2736 vocantur,
411 2666 467 2739 qui,
486 2669 537 2721 etsi
556 2667 649 2739 capite
668 2665 802 2721 deminuti
817 2679 888 2739 sunt,
909 2678 1002 2724 tamen

42 2738 239 2808 praeferuntur
259 2741 359 2797 ceteris
380 2738 517 2796 ulterioris
538 2739 641 2813 gradus
662 2741 778 2812 agnatis.

183 2911 377 2963 rtrunns
404 2909 627 2963 snrrrntus
652 2911 853 2978 (ocrrvns).

88 3011 194 3092 Ι)1)Ε
230 3008 576 3078 SUCCESSIONE
612 3009 956 3076 LIBERTORUM.

95 3147 178 3207 Nunc
196 3151 232 3210 de
252 3153 413 3208 libertorum
435 3151 514 3206 burris
530 3149 682 3208 rideamus.
721 3149 795 3208 Olim
816 3153 911 3228 itaque
930 3153 1045 3210 lice-Pr·

42 3220 88 3277 bat
113 3224 213 3282 liberto
240 3236 389 3302 patronum
409 3243 489 3280 suum
508 3225 623 3299 impune
643 3236 808 3283 testamento
831 3228 999 3300 praeterire:

43 3310 103 3350 uam
131 3298 169 3354 ita
197 3301 309 3358 demum
339 3301 383 3356 lex
410 3297 558 3355 duodecim
584 3299 739 3354 tabularum
760 3301 796 3356 ad
816 3300 1000 3357 hereditatem

41 3411 257 3429 *—

95 3476 127 3526 m)
142 3476 195 3521 llel.
210 3479 274 3532 nupt.

72 3594 107 3647 ¹⁰)
127 3597 152 3642 G.
174 3601 204 3644 dc
224 3600 293 3646 bonis
315 3599 393 3644 libert.
412 3599 460 3654 Vl,
481 3599 504 3643 4.
539 3601 568 3643 ll.
588 3597 618 3641 tle
639 3597 708 3641 bonis
729 3597 805 3641 libert.
826 3597 958 3652 xxxtm,
979 3599 1002 3641 2.

45 3647 59 3688 ¹·
74 3649 137 3694 4.-
168 3658 320 3710 11)11.11.1.
340 3656 438 3710 1811.
540 3653 728 3708 necavit.
747 3655 802 3706 (b.);
822 3655 1002 3708 debcnpuss.

73 3707 93 3756 ¹)
112 3709 162 3755 Cal.
183 3716 229 3769 lll,
252 3716 290 3760 llll.
306 3711 380 3758 ..78
409 3710 505 3764 Ulpica.
539 3721 559 3755 e.
576 3713 623 3755 tab.
638 3709 718 3754 liberti
733 3711 773 3766 Vl,
790 3711 828 3755 13.

44 3759 134 3809 XXVll.
150 3769 233 3817 xxlx.
262 3773 333 3817 Paul.
348 3771 409 3812 sent.
425 3769 467 3826 111,
483 3768 505 3811 2.

17 3897 18 3900 Ἴ
83 3845 144 3892 lusa.
157 3852 345 3896 lasrnnrroa'ns.
816 3821 840 3878 F
