2520 4328
220 297 285 363 104
326 299 474 357 lusrrrur.
500 292 1088 375 Dra.nnn.r.n1n.nun.ll,24.Pr.§
1122 300 1198 354 Η
1236 263 1237 298 ³

335 477 527 530 ‘tironus
553 476 828 529 vrcunsluus
856 477 1073 539 QUARTUS.

227 579 342 660 ι)[)Ε
372 575 638 642 SINGULIS
668 575 844 640 REBUS
878 577 977 640 PER
1009 579 1191 642 FIDE}

375 675 714 740 commissum
748 675 1026 739 RELICTIS.
1236 705 1237 778 ἒ

179 827 221 870 Pr.
276 817 372 872 Potest
391 825 485 870 autem
511 815 572 886 quie
596 814 680 870 etiam
704 815 826 943 siuffiulas
844 833 889 871 res
908 833 960 890 per
981 815 1188 873 fideicommis
1236 823 1237 890 l

221 909 282 948 aum
303 890 480 964 relinquere,
501 889 583 945 vetuti
602 889 737 956 fundum,
775 889 912 962 ominem,
936 899 1060 962 restem,
1085 909 1205 966 argen-
1236 893 1237 970 l

222 966 333 1037 tumr),
360 963 507 1037 pecuniam
533 966 724 1033 numeratam
749 972 777 1018 et
803 962 845 1020 vel
867 963 957 1038 ipsum
978 963 1124 1020 heredem
1152 985 1204 1022 ro·
1236 973 1237 1056 l

223 1055 300 1114 gare,
319 1047 350 1092 ut
368 1037 448 1093 alieni
467 1037 602 1104 restituat,
622 1036 663 1092 vel
677 1035 855 1109 legatarium,
875 1037 1000 1110 quamvis
1015 1056 1032 1092 a
1047 1038 1203 1126 legatario
1236 1057 1237 1118 i

192 1111 310 1184 tlegari
326 1129 383 1166 non
404 1111 491 1186 possit
501 1113 538 1181 ²).
580 1109 675 1165 Potest
695 1120 859 1164 autemnon
881 1109 967 1167 solum
989 1128 1130 1186 proprios
1154 1123 1201 1169 te-
1236 1119 1237 1156 l

222 1196 309 1241 stator
334 1202 378 1240 res
404 1203 456 1258 per
474 1183 717 1240 fideicommissum
738 1182 913 1258 relinquere,
941 1184 997 1238 sedv
1013 1196 1041 1240 et
1062 1187 1198 1260 heredis,

222 1271 271 1314 aut
294 1258 437 1332 legatarii,
467 1269 515 1314 aut
533 1257 799 1329 fideicommissarii,
821 1267 869 1312 aut
888 1258 1033 1313 cuiuslibet
1053 1259 1180 1316 alterius
1236 1263 1237 1338 ᾗ

222 1335 317 1408 itaque
343 1341 371 1388 et
397 1332 547 1406 legatarius
573 1339 601 1386 et
620 1330 888 1386 fideicommissarius
908 1350 964 1386 non
984 1331 1077 1388 nolum
1098 1333 1141 1390 de
1162 1353 1197 1390 ea

223 1425 254 1462 re
282 1406 375 1479 rogari
401 1414 508 1479 potest,
534 1413 565 1458 ut
588 1421 650 1460 eam
677 1404 757 1459 alicui
777 1406 919 1472 restituat,
945 1422 1018 1480 quae
1038 1407 1066 1462 ei
1089 1407 1194 1464 relicte

223 1482 278 1550 sit,
298 1479 449 1535 sedetiam
470 1477 506 1532 de
526 1477 594 1550 alia,
614 1479 670 1533 sive
690 1477 790 1552 ipsine,
811 1479 867 1534 sive
887 1479 1041 1534 alienauit.
1065 1479 1126 1536 hoc
1147 1501 1193 1537 so·
1236 1545 1237 1548 Ἴ

223 1554 279 1608 lum
307 1551 509 1608 observandum
537 1561 597 1625 est,
633 1569 668 1606 ne
697 1551 759 1626 plus
793 1553 936 1626 quiequam
963 1563 1081 1626 rogetur
1109 1555 1194 1612 alicui
1236 1549 1237 1638 l

224 1627 387 1693 restituere,
412 1644 495 1701 quam
521 1627 581 1700 ipse
601 1643 637 1680 ex
657 1635 822 1682 testamento
848 1627 969 1701 ceperit:
998 1645 1086 1698 nam,
1114 1630 1192 1704 quod
1236 1641 1237 1696 l

224 1698 342 1772 amplius
368 1709 426 1768 est,
453 1700 585 1756 inutiliter
610 1700 780 1774 relinquitur.
819 1719 880 1754 cum
908 1711 1000 1756 autem
1023 1701 1120 1757 aliena
1149 1721 1192 1758 res

224 1793 276 1848 per
293 1773 535 1830 fideicommissum
555 1774 738 1849 relinquitur,
759 1790 872 1829 necesse
888 1784 930 1828 est
944 1775 985 1845 ei,
1005 1775 1053 1849 qui
1073 1787 1190 1848 rogatos

225 1858 283 1918 est,
310 1857 358 1904 aut
382 1848 470 1922 ipsam
499 1847 636 1903 redimere
655 1858 684 1903 et
706 1857 863 1921 praestare,
893 1857 940 1902 aut
962 1849 1190 1906 aestimationem

194 1923 284 1978 zelus
303 1921 458 1990 solvere3).
504 1919 531 1996 ⁴)
542 1921 668 1976 Libertas
688 1939 798 1996 quoque
818 1939 897 1976 servo
919 1939 969 1995 per
986 1921 1190 1979 fideicommis-

224 2015 283 2051 sum
311 1995 372 2052 dari
398 2006 510 2070 potest,
541 2009 568 2049 ur
590 2009 671 2050 neres
690 2012 752 2050 eum
774 2004 889 2068 rogetur
907 1997 1124 2068 manumittere,
1151 1999 1189 2054 rel

224 2071 389 2143 legatarius,
413 2069 456 2123 vel
481 2067 759 2124 fideicommissarius.
797 2087 849 2124 nee
876 2069 1005 2137 interest,
1036 2083 1131 2126 utrum
1155 2076 1188 2127 de

223 2163 274 2198 suo
294 2143 408 2218 proprio
427 2159 505 2196 servo
525 2151 641 2196 testator
659 2153 754 2216 roget,
780 2159 816 2197 an
836 2141 871 2197 de
890 2159 940 2212 eo,
960 2144 1007 2217 qui
1027 2143 1117 2218 ipsius
1135 2145 1186 2201 he-

225 2219 299 2272 redis
330 2225 378 2271 aut
409 2215 552 2289 legatarii,
585 2215 627 2271 vel
652 2217 735 2272 etiam
762 2217 888 2271 extranei
913 2217 956 2271 sit.
996 2217 1095 2292 itaque
1121 2225 1187 2294 eth)

224 2289 330 2344 alienus
353 2307 448 2344 servus
467 2288 566 2344 redimi
585 2299 612 2344 et
634 2290 788 2344 manumitti
808 2290 907 2360 debet3
935 2290 1035 2364 quodsi
1056 2292 1186 2348 dominus

226 2383 287 2418 eum
308 2381 362 2416 non
380 2363 495 2434 vendat,
515 2363 639 2418 simodo
658 2363 727 2418 nihil
746 2381 781 2419 ex
801 2363 992 2435 iudiciumne,
1013 2365 1061 2439 qui
1077 2366 1186 2441 reliquii
1236 2415 1237 2442 ἶ

224 2438 380 2491 libertatem
392 2476 400 2503 ‚
428 2437 585 2512 perceperit
596 2441 640 2508 ⁶),
661 2456 716 2492 non
736 2437 827 2492 statim
848 2438 1018 2511 extinguitur
1038 2437 1182 2495 fideicom-
1236 2450 1237 2490 l

224 2510 348 2566 missario
368 2510 496 2580 libertas,
515 2511 563 2566 sed
584 2509 726 2581 differtur,
748 2511 812 2585 quia
832 2511 920 2586 possit
940 2523 1069 2587 tempore
1085 2533 1181 2587 proee-

225 2584 325 2656 dente,
350 2585 514 2671 ubicumque
535 2587 643 2640 occasio
665 2585 819 2640 redimendi
839 2585 909 2640 servi
929 2585 1027 2656 suerit,
1049 2589 1183 2661 praestari

225 2657 385 2732 libertam).
425 2657 481 2724 Qui
508 2669 600 2715 autem
629 2677 767 2723 excausa
788 2658 993 2714 fideicommissi
1013 2663 1181 2716 manumitti-

224 2743 284 2804 tur,
305 2749 361 2787 non
378 2733 517 2788 testatoris
536 2732 568 2788 fit
585 2732 717 2805 libertus,
737 2733 844 2788 etiamsi
864 2733 1003 2788 testatoris
1020 2753 1115 2790 servus
1133 2736 1180 2805 sit,

224 2805 274 2861 sed
303 2807 379 2878 eius,
412 2807 459 2880 qui
485 2806 708 2878 manumittit‘):
744 2816 773 2862 at
797 2806 837 2878 is,
868 2807 914 2881 qui
942 2807 1064 2880 directo,
1099 2820 1178 2865 testa-

225 2889 319 2934 mento
330 2879 373 2950 ὖ),
398 2879 469 2935 liber
495 2898 555 2937 esse
582 2881 712 2950 iubetur,
739 2881 825 2954 ipsius
852 2881 990 2936 testatoris
1010 2881 1041 2936 fit
1062 2883 1180 2947 libertus,

225 2955 272 3028 qui
301 2953 385 3007 etiarn
410 2955 520 3011 orcinus
546 2953 712 3028 appellatur.
749 2973 801 3009 nec
818 2955 887 3009 alius
907 2955 976 3009 ullus
996 2954 1117 3028 directo,
1145 2975 1176 3014 er

225 3037 392 3082 testamento
403 3031 443 3099 ⁰),
463 3029 619 3086 libertatem
641 3026 745 3082 habere
767 3038 875 3101 potest,
895 3047 977 3104 quam
999 3030 1045 3104 qui
1067 3041 1179 3106 utroque

224 3110 353 3174 tempore
380 3105 519 3159 testatoris
543 3101 643 3168 luerit,
670 3111 698 3156 et
723 3120 778 3176 quo
795 3100 901 3158 faceret
920 3112 1128 3177 testamentum,
1148 3117 1176 3160 et

222 3221 443 3238 ...-...,-..,

281 3284 304 3330 a)
320 3291 402 3324 nurum
416 3291 438 3324 a.
454 3301 482 3312 -
504 3279 525 3328 n)
541 3275 586 3320 noi.
602 3277 631 3320 el.
646 3298 674 3308 -
695 3279 716 3328 o}
732 3279 826 3330 recepit.
842 3300 871 3310 -
892 3278 916 3329 n)
930 3289 962 3334 ex
976 3279 991 3321 t.
1007 3300 1035 3310 -
1055 3281 1077 3332 e)
1090 3281 1148 3323 ern.
1158 3281 1176 3327 t.

181 3455 184 3461 ,
255 3419 276 3469 1)
289 3415 499 3474 cai.11,2ao...r.
513 3415 687 3467 Ululanxxv.
721 3419 737 3461 l.
755 3419 774 3460 1.
789 3415 813 3470 s.
831 3415 910 3459 o.-
938 3417 1172 3472 4)U1nian.ll‚t..‚

224 3476 293 3518 Paul.
314 3479 374 3518 seut.
390 3475 431 3528 lV,
448 3475 469 3516 1.
497 3473 527 3516 1).
550 3474 579 3515 tle
599 3474 687 3522 lenatia
723 3475 760 3517 ll.
789 3475 858 3516 Paul.
883 3479 946 3518 seut.
968 3475 1014 3532 lV,
1039 3477 1073 3519 13.
1100 3477 1126 3520 n.
1145 3476 1171 3520 do

223 3527 483 3575 xxx11.1.r...r⁰.
514 3529 539 3572 C.
562 3530 592 3572 tie
612 3529 686 3574 nnete.
721 3529 990 3586 noneruntxmo.
1020 3529 1169 3584 neonvn.

223 3587 269 3633 Vl.
286 3587 324 3628 tr.
344 3609 372 3617 -
401 3585 424 3636 2)
439 3585 532 3638 Ulpiarr.
547 3587 632 3642 XXIV,
648 3587 685 3631 ru.
721 3587 743 3630 4.
759 3611 786 3618 -
808 3588 832 3632 5)
848 3587 873 3630 C.
890 3587 942 3630 eod.
957 3589 1003 3632 ro.
1018 3609 1047 3620 -
1070 3589 1171 3640 6)Μὲ

222 3665 252 3676 ·-
265 3645 290 3693 3)
305 3643 322 3686 1.
338 3643 367 3684 tle
381 3641 468 3691 legaris
484 3644 519 3693 11,
536 3642 573 3686 20.
595 3644 618 3696 S.
633 3641 686 3686 Α..
721 3642 790 3685 bouis
806 3642 882 3686 libert.
897 3644 1164 3701 xxxvur,2.1.es.pa

225 3701 254 3743 :lt
278 3720 306 3732 -
323 3697 350 3740 l).
367 3697 499 3748 delegatis
514 3699 585 3742 XXX.
601 3700 617 3740 l.
634 3697 686 3742 114.
722 3699 748 3743 C.
764 3699 815 3742 euti.
831 3701 847 3741 l.
863 3699 885 3744 7.

222 3757 302 3809 3134
316 3753 347 3796 ati
363 3753 408 3798 SC.
423 3755 527 3798 Trebell.
542 3755 647 3810 xxxvl,
666 3757 686 3799 1.
