2548 4342
240 361 285 426 94
372 359 523 419 lnsrrrur.
557 357 606 416 Da
622 378 751 418 unsaris
772 361 813 433 ll,
831 366 882 420 20.
908 360 938 442 5.
957 367 1103 419 ‘at-27.

242 513 326 568 rebus
340 523 438 586 optare
452 512 617 587 legatarium
632 512 757 580 iusserat,
778 509 901 566 babebat
914 512 940 565 in
956 529 985 565 se
999 511 1212 582 condicionem,

242 597 271 642 et
295 585 378 660 ideo,
406 589 458 642 nisi
486 590 546 660 ipse
571 585 721 660 legatarius
741 586 816 638 uitus
835 597 996 658 optaverat,
1019 585 1055 639 ad
1076 585 1212 640 heredem

243 661 365 734 legatum
388 680 443 716 non
471 661 686 716 transmittebat.
724 657 774 713 sed
795 675 830 712 ex
852 658 1048 714 constitutione
1068 670 1166 712 nostra
1187 671 1213 713 et

243 735 297 790 ltoc
314 734 349 789 ad
372 735 514 790 meliorem
535 744 635 789 statum
657 732 837 788 reformatum
854 744 916 802 est,
938 742 966 787 et
982 732 1049 786 data
1066 744 1109 787 est
1126 733 1215 788 licen-

243 811 281 863 tia
301 818 329 863 et
349 807 446 864 heredi
464 808 591 881 legatarii
610 817 727 882 optare,
748 806 810 860 licet
826 806 901 860 vivus
916 807 1067 879 legatarius
1083 806 1142 862 boc
1160 826 1216 862 non

242 883 317 937 l'ecit.
348 892 377 936 et
394 882 569 954 diligentiore
589 891 707 936 tractatu
728 880 840 951 habito,
861 892 891 934 et
908 879 962 934 boc
980 881 1007 934 in
1026 891 1125 935 nostra
1146 900 1217 936 con-

244 955 386 1011 stitutione
406 955 531 1010 additum
549 965 605 1026 est,
626 961 663 1024 nt,
683 957 738 1010 sino
756 951 846 1027 plures
864 953 986 1027 lapotorii
1004 957 1135 1026 amant,
1156 959 1217 1029 quti-

244 1028 292 1084 bus
312 1032 383 1103 optio
402 1029 494 1086 relicto
514 1036 570 1100 est,
596 1035 620 1084 el
641 1028 844 1084 dissentientia
866 1045 975 1102 corpore
993 1025 1132 1100 elipando,
1162 1033 1217 1084 siue

244 1103 323 1158 onius
341 1101 463 1176 lepolorii
478 1102 567 1178 plnres
582 1101 710 1174 lteretles,
731 1109 756 1156 et
774 1104 843 1157 inter
859 1119 888 1157 so
906 1105 976 1158 arco
991 1101 1141 1176 optandum
1158 1103 1214 1158 (lis-

244 1178 373 1246 rentiunt,
402 1177 455 1234 ulio
481 1176 554 1233 uliud
576 1194 605 1232 nn
639 1195 670 1232 us
689 1175 783 1250 aliperc
805 1179 942 1250 cupiente,
969 1193 1003 1230 ne
1021 1182 1115 1250 porcat
1139 1174 1214 1249 lequ-

243 1257 300 1304 rum
318 1248 401 1326 ltpuod
425 1250 541 1326 plerique
559 1269 608 1324 pm
629 1253 727 1306 anticum
751 1255 842 1305 contro
865 1247 1065 1306 benivolentium
1085 1249 1214 1305 intrudu-

244 1321 370 1392 cebant),
399 1324 536 1395 fornicum
564 1343 620 1380 essc
638 1323 716 1380 lartius
734 1325 848 1398 optionis
866 1321 994 1390 iadicem,
1019 1329 1045 1378 ct
1062 1329 1139 1378 sona
1158 1342 1214 1379 esse

243 1396 292 1453 buo
311 1395 503 1466 dirimendam,
525 1404 568 1468 ot,
593 1397 629 1453 ml
647 1415 722 1472 quem
741 1415 800 1453 sors
816 1399 967 1472 pomanini,
986 1394 1059 1452 illias
1078 1401 1212 1452 amtentio

242 1473 271 1525 in
325 1473 394 1526 lione
413 1469 554 1544 praecellat
567 1467 620 1544 ²⁷).

201 1555 231 1598 at
325 1545 402 1616 egani
431 1555 524 1598 autem
551 1543 603 1598 illis
628 1544 691 1599 solis
710 1553 818 1614 potest,
848 1563 909 1599 cum
929 1543 1029 1617 quibus
1048 1545 1209 1598 testamenti

201 1629 232 1672 25
243 1614 327 1671 factio
347 1613 455 1690 est20).
498 1617 613 1672 lncertis
633 1637 699 1673 vero
719 1619 844 1692 personis
865 1635 956 1692 neque
972 1616 1084 1691 legata,
1116 1635 1209 1692 neque

242 1687 456 1746 fideicommissa
476 1691 540 1746 olim
559 1693 675 1766 relinqui
696 1709 856 1747 concessum
877 1701 953 1748 erat:
977 1709 1043 1746 nam
1061 1709 1117 1746 nec
1133 1693 1209 1746 milet

242 1763 354 1836 quidem
377 1765 501 1821 incertae
520 1784 658 1840 personae
679 1776 789 1840 poterat
807 1765 981 1840 relinquere,
1002 1776 1032 1819 ut
1052 1764 1136 1820 divus
1152 1766 1210 1820 lla-

242 1837 356 1894 driauns
374 1841 522 1914 rescripsit.
559 1841 665 1895 incerta
687 1849 779 1894 autem
803 1857 923 1913 persona
941 1838 1103 1910 ridebatur,
1126 1858 1209 1914 quam

241 1914 346 1968 incerta
373 1915 504 1988 opinione
532 1915 624 1968 animo
651 1933 701 1968 suo
725 1923 840 1968 testator
867 1913 1053 1986 subiiciebat‚
1082 1914 1171 1968 veluti
1189 1915 1209 1967 si

240 1987 302 2062 quis
327 1989 365 2042 ita
392 1988 484 2044 dicat:
513 1989 665 2063 sptintmque
687 1984 744 2057 pilio
769 2004 828 2042 mon
852 1989 880 2042 in
900 1989 1102 2044 matrimonium
1125 1985 1210 2058 pilium

239 2079 317 2118 strom
336 2059 438 2117 dederit
449 2058 480 2135 i),
500 2065 524 2117 ei
542 2059 617 2116 iteres
635 2078 709 2116 mous
726 2059 800 2116 illum
820 2059 933 2131 pitodnm
950 2058 1029 2132 duto;
1049 2061 1119 2115 illud
1140 2081 1209 2136 quo-

240 2153 313 2208 que,
331 2134 405 2208 quod
427 2134 468 2188 bis
488 2135 712 2209 relinquebatur,
737 2137 782 2210 (pti
797 2140 858 2208 post
875 2141 1062 2192 temnamus
1080 2138 1210 2210 scriptum

238 2210 321 2282 primi
340 2205 459 2264 cornulas
474 2207 604 2282 desipnoti
619 2214 704 2278 nont,
724 2226 813 2281 aeque
828 2209 950 2264 incertae
966 2226 1107 2282 personae
1123 2209 1209 2283 legari

241 2282 404 2353 videbatur,
425 2291 452 2336 et
473 2282 593 2356 deniqne
612 2280 715 2337 multae
735 2282 807 2336 aliae
826 2281 985 2338 huiusmodi
1005 2282 1116 2356 species
1136 2297 1208 2338 sunt.

239 2354 353 2408 libertas
375 2373 486 2429 quoque
506 2375 562 2410 non
578 2356 724 2411 videbatur
739 2374 821 2430 posse
836 2357 959 2412 incertae
976 2374 1118 2430 personae
1134 2359 1211 2427 dari,

241 2428 306 2501 quia
323 2427 452 2501 placebat
475 2431 635 2484 nominatim
657 2447 750 2484 servos
770 2429 889 2486 liberari.
919 2442 994 2486 tutor
1014 2450 1131 2506 quoque
1149 2451 1210 2487 cer-

240 2512 284 2556 tus
303 2501 364 2556 dari
385 2502 505 2558 debebat
516 2500 543 2579 k)
557 2501 611 2578 ²⁹).
650 2505 701 2558 sub
722 2513 796 2558 certa
818 2521 883 2558 vero
903 2503 1162 2577 demonstratione,
1182 2507 1209 2560 id

240 2587 283 2630 est
308 2595 344 2631 ex
371 2577 452 2632 certis
473 2579 599 2652 personis
618 2578 742 2632 incertae
765 2596 917 2649 personae,
947 2590 1021 2634 recte
1042 2579 1208 2653 legabatur,

240 2650 341 2709 veluti:
363 2669 398 2708 eu
416 2655 535 2724 capitulis
553 2655 634 2722 meis,
653 2654 698 2726 qui
716 2669 786 2708 ortuo
801 2659 879 2723 stunt,
899 2657 924 2709 si
941 2656 1000 2728 quis
1015 2651 1104 2724 fitam
1121 2673 1209 2710 meatu

238 2743 349 2782 atrorem
367 2725 488 2794 decrerit,
508 2729 532 2782 ei
550 2724 624 2781 berea
644 2723 810 2781 marsiliam
829 2744 886 2781 ram
906 2726 975 2783 doto.
1013 2727 1129 2783 incertis
1158 2747 1209 2783 au-

238 2813 293 2856 tern
311 2802 437 2875 personis
454 2802 546 2874 legata
560 2799 601 2854 vel
618 2797 830 2854 fideicommissa
850 2799 944 2856 relicta
964 2811 992 2856 et
1009 2819 1061 2875 per
1081 2819 1208 2857 errorem

238 2875 328 2930 soluta
348 2878 438 2948 repeti
459 2893 515 2930 nun
537 2875 689 2948 pusse³⁰),
716 2873 799 2928 sacris
825 2875 1066 2930 constitutionibus
1093 2887 1207 2930 cautum

198 2958 308 3007 atterat.
347 2960 476 3022 postumo
502 2964 615 3024 quoque
635 2946 725 3002 alieno
748 2947 880 3003 inutiliter
900 2947 1063 3023 legabatur:
1090 2961 1134 3004 est
1156 2969 1207 3004 au-

238 3032 295 3074 tem
322 3023 428 3076 alienus
456 3035 616 3095 postumus,
644 3021 707 3095 qui,
737 3031 834 3089 natus,
861 3022 933 3077 inter
960 3041 1025 3078 snos
1050 3023 1174 3078 heredes
1186 3021 1205 3097 ¹)

239 3096 378 3147 testatoris
399 3095 508 3149 loturus
527 3113 583 3148 non
605 3106 662 3167 est3
682 3094 802 3168 ideoque
820 3114 855 3150 ex
871 3098 1046 3170 emancipato
1062 3096 1119 3151 lilio
1137 3091 1206 3152 con-

196 3177 336 3239 atceptus
362 3185 450 3241 nepos
475 3178 625 3224 extraneus
653 3179 713 3223 erat
738 3180 882 3242 postumus
908 3167 1024 3243 avn³¹).
1073 3167 1133 3226 Seu
1154 3189 1207 3225 nec

237 3240 397 3295 huiusmodi
415 3241 522 3315 species
541 3242 652 3316 penitus
671 3252 713 3297 est
733 3244 791 3298 sine
810 3245 881 3298 iusta
901 3244 1099 3300 emendatione
1119 3245 1203 3301 dere-

294 3417 349 3519 iqoeqt.
360 3418 390 3518 sm
403 3421 439 3462 est
452 3417 610 3462 collocaverit.
631 3439 659 3451 -
692 3419 717 3467 k)
732 3417 778 3461 rtet.
794 3421 920 3462 tut...det1.
943 3441 970 3450 —
999 3422 1016 3471 1>
1030 3420 1127 3464 heredes
1161 3422 1205 3465 lte·

235 3485 290 3530 res,·
343 3482 380 3519 ἐ.
845 3497 849 3508 .

265 3599 304 3651 at)
319 3600 348 3642 l).
363 3599 393 3642 tle
415 3600 511 3653 optione
532 3604 579 3654 leg.
594 3603 701 3655 ΧΧΧΠΙ,
736 3602 752 3642 l.
769 3600 805 3642 20.
822 3602 858 3642 23.
876 3612 910 3653 pr.
931 3623 958 3632 -
987 3601 1027 3654 tto)
1042 3605 1060 3646 1.
1076 3604 1106 3647 de
1128 3605 1200 3654 oblite.

236 3657 274 3710 ἃς
295 3657 325 3698 tte
340 3667 389 3709 reg.
404 3655 464 3700 iuris
479 3658 506 3706 11,
526 3658 560 3700 tt.
577 3660 592 3702 1.
609 3657 645 3700 tt.
677 3659 702 3700 0.
737 3668 797 3709 uuae
817 3658 885 3710 quasi
902 3661 1200 3712 excoutr.111,at(eet.

237 3713 475 3762 communtauelee.
491 3715 530 3765 Vl,
548 3715 586 3758 43,
602 3717 702 3767 l.3.pr.
737 3715 761 3765 s.
778 3714 798 3756 7.
818 3736 846 3744 -
874 3716 914 3767 31)
930 3715 958 3757 lt.
981 3717 1101 3760 derebus
1122 3717 1201 3760 tlubiia

236 3787 265 3798 —-
281 3769 320 3818 28)
336 3769 365 3810 1).
382 3779 424 3817 turo
439 3772 521 3820 legato
536 3772 597 3818 XLl,
613 3773 635 3812 8.
651 3771 665 3813 l.
680 3771 701 3813 ἵ.
737 3771 841 3823 XXXIV,
858 3773 879 3814 ὃ,
895 3773 998 3814 1.3...t.
1014 3784 1048 3824 pr.
1068 3774 1102 3818 14.
1119 3773 1155 3818 2⁰.
1172 3775 1197 3818 G.

238 3837 263 3855 ·—
281 3822 319 3874 29)
333 3824 363 3865 lt.
378 3823 408 3865 tle
423 3827 518 3868 testam.
534 3825 701 3870 tutxxvli.
737 3829 766 3870 dut
782 3827 854 3879 episc.
871 3832 893 3871 et
909 3831 965 3872 cler.
981 3831 1014 3880 tl,
1031 3831 1052 3873 3.
1073 3833 1088 3873 l.
1105 3830 1142 3874 24.
1159 3831 1196 3873 28.
