2536 4334
240 337 285 402 26
326 337 474 396 lusuros.
507 335 599 410 Qum.
613 355 689 395 mon.
705 352 753 395 lus
770 354 831 394 ror.
848 354 936 393 socr.
956 337 981 406 1,
1001 342 1048 394 ta.
1073 335 1106 417 ᾗ.
1118 341 1144 393 rt.
1159 339 1185 394 6.

242 505 278 544 ex
301 486 495 542 constitutione
515 493 607 542 nostra
619 489 646 556 ⁹)
665 503 774 540 summa
793 485 954 558 patriciatus
971 485 1109 559 dignitas,
1126 483 1189 538 illico

243 561 279 616 ab
297 559 486 634 imperialibus
504 559 635 615 codicillis
655 559 808 634 praestitis,
829 577 846 613 a
864 561 955 634 patria
973 568 1112 634 potestate
1128 558 1190 613 libe·

242 644 295 690 rat.
321 633 383 708 quis
409 633 482 688 enirn
503 632 642 707 patiatur,
669 643 778 707 patrem
799 633 911 708 quidem
931 651 1014 707 posse
1033 651 1084 708 per
1102 650 1191 688 eman-

242 708 388 782 cipationis
413 706 527 762 modum
553 725 622 762 suae
648 707 792 780 potcstatis
817 707 934 763 nexibus
953 705 1039 762 filium
1057 706 1190 775 relaxare,

241 780 571 856 imperatorinm‘nutem
598 779 787 837 celsitudinem
813 799 868 836 uon
896 781 988 836 valere
1009 799 1091 852 eum,
1118 797 1191 855 quern

210 856 295 910 snitu
333 865 419 910 atrem
440 853 539 927 elegit,
559 855 594 908 ab
614 853 703 910 aliena
724 855 847 910 eximere
866 850 1078 928 potestate¹⁰ll
1120 849 1192 926 ¹¹)Si

243 929 280 984 ab
307 873 433 983 llostibus
457 938 555 1002 captus
579 927 664 984 suerit
679 945 799 1002 pareus,
825 929 950 1003 quamvis
968 945 1064 984 seruus
1083 927 1192 983 hostium

242 1001 310 1069 fiat,
331 1013 424 1056 tamen
444 1001 549 1076 pendet
568 1002 610 1057 ius
629 1001 795 1073 liberorum,
826 1013 942 1076 propter
961 1001 1005 1058 ius
1024 1000 1193 1076 postliminii:

243 1076 311 1150 quia
337 1075 383 1143 lri,
415 1077 462 1162 qui
489 1077 524 1130 ab
551 1074 676 1132 hostibus
703 1076 777 1150 eapti
803 1086 881 1147 sunt,
915 1076 937 1130 si
960 1076 1064 1132 reversi
1090 1074 1193 1142 tirerint,

244 1149 337 1205 omnin
355 1148 470 1222 pristina
489 1145 604 1224 iora¹²)
624 1150 770 1224 recipiunt.
789 1148 891 1205 idcirco
913 1167 1041 1205 reversus
1056 1159 1086 1205 et
1101 1149 1194 1204 liberos

243 1223 359 1280 babebit
378 1222 407 1277 in
426 1233 581 1299 potestate,
605 1220 721 1298 ¹³)quia
739 1223 935 1296 postliminium
956 1222 1036 1296 tingit
1054 1241 1137 1292 eum,
1155 1220 1194 1296 qui

242 1307 341 1372 captus
360 1306 418 1368 est,
438 1313 549 1370 semper
566 1296 593 1351 in
613 1297 723 1352 civitate
741 1297 834 1352 luisse.
853 1297 875 1352 si
897 1315 961 1352 rero
980 1297 1018 1352 ibi
1037 1295 1193 1364 decesserit,

241 1371 363 1444 exinde,
389 1389 422 1426 ex
441 1388 496 1446 quo
516 1380 614 1443 captus
633 1381 675 1425 est
694 1380 791 1445 pater,
818 1369 890 1425 tilius
910 1371 951 1426 sui
970 1371 1037 1426 iuris
1055 1369 1143 1427 luisse
1160 1367 1194 1422 vi·

243 1445 335 1501 detur.
375 1444 438 1518 lpse
464 1461 576 1518 quoque
602 1442 673 1498 lilius
700 1462 821 1519 neposne
844 1444 867 1498 si
894 1445 929 1498 ab
955 1443 1081 1500 hostibus
1108 1453 1193 1518 captus

243 1517 342 1588 luerit,
363 1517 487 1572 similiter
508 1517 625 1572 dicimus
646 1528 761 1592 propter
780 1520 821 1572 ius
841 1517 1016 1592 postliminii,
1034 1518 1077 1573 ius
1093 1535 1194 1594 quoque

244 1591 397 1666 potestatis·
418 1592 540 1664 parentis
567 1591 593 1644 iu
622 1609 756 1664 suspenso
784 1609 854 1646 esse.
907 1589 1018 1647 Dictum
1044 1601 1088 1646 est
1112 1603 1193 1647 autem

244 1663 439 1740 postliminium
461 1683 478 1720 a
499 1663 588 1720 limiae
606 1671 732 1738 etpost,
763 1665 828 1736 ott)
855 1681 935 1736 eum,
956 1665 1003 1740 qui
1023 1665 1058 1720 ab
1079 1665 1194 1720 hostibus

245 1748 342 1812 captus
364 1739 391 1791 iu
413 1737 481 1793 lines
507 1749 615 1793 nostros
633 1749 732 1812 postea
753 1740 896 1812 pervenit,
921 1739 1089 1813 postliminio
1112 1755 1194 1794 rerer-

244 1830 304 1868 sum
331 1824 406 1868 recte
432 1810 589 1885 distruunt).
618 1830 681 1867 nam
709 1811 804 1868 limina
829 1812 899 1867 sicut
924 1813 950 1868 in
972 1812 1102 1868 domibus
1121 1812 1194 1868 finem

243 1886 385 1962 quendam
412 1885 536 1958 iaciunt,
562 1887 601 1940 sic
627 1895 655 1941 et
681 1886 791 1960 imperii
807 1885 890 1943 finem
910 1885 993 1942 limen
1016 1904 1077 1942 esse
1099 1897 1196 1942 ueteres

245 1961 398 2016 voluerunt.
425 1959 503 2036 (liinc
528 1970 556 2014 et
581 1959 659 2015 limes
679 1959 767 2014 dictus
784 1969 841 2030 est,
861 1961 940 2033 quasi
957 1959 1020 2015 finis
1042 1960 1157 2046 quidam
1175 1968 1196 2012 et

244 2030 457 2106 terminavit)
513 2034 555 2087 Ab
582 2051 616 2088 eo
642 2033 839 2107 postliminium
865 2033 984 2104 dictum,
1012 2051 1077 2109 quia
1106 2033 1197 2090 eodem

245 2108 339 2163 limine
367 2107 573 2175 revertebatur,
600 2125 655 2182 quo
680 2107 796 2162 amissus
821 2119 891 2163 erat.
938 2106 996 2164 Sed
1016 2108 1111 2182 etqui
1131 2106 1197 2160 victis

245 2180 370 2235 hostibus
398 2189 595 2254 recuperatur,
628 2181 796 2254 postliminio
827 2180 942 2237 rediisse
967 2181 1197 2249 existimatur¹⁵).

213 2253 394 2309 oPraeterea
422 2253 643 2327 emancipatione
692 2273 783 2329 unque
806 2254 936 2310 desinunt
962 2254 1040 2311 liberi
1066 2256 1094 2310 in
1124 2265 1199 2330 pote·

246 2337 317 2384 state
342 2338 488 2401 parentum
516 2345 586 2383 esse.
631 2273 689 2384 Sel
714 2347 749 2384 ea
775 2329 959 2403 emancipatio
984 2340 1066 2384 antea
1091 2329 1197 2404 quidem

246 2401 289 2456 rel
308 2419 360 2476 per
378 2401 520 2475 antiquam
539 2397 660 2475 legis¹⁶)
682 2402 902 2460 obseruationem
925 2403 1112 2477 procedebat,
1133 2418 1198 2478 quae

246 2493 298 2550 per
323 2475 498 2532 imaeinarias
522 2472 746 2551 venditiones¹l)
775 2488 802 2533 et
827 2477 1031 2534 intercedentes
1050 2475 1199 2532 manumis-

245 2548 338 2604 siones
352 2520 395 2624 ’ἦ
413 2549 620 2622 celebrabatur,
642 2549 683 2605 rel
700 2567 735 2605 ex
755 2551 891 2625 imperiali
913 2550 1046 2624 rescripto
1059 2545 1113 2626 ¹⁹).
1143 2549 1198 2606 No·

246 2633 303 2679 stra
329 2634 421 2678 autem
450 2622 624 2697 providentia
652 2634 680 2679 et
706 2623 759 2687 lroc
785 2625 812 2680 io
839 2624 937 2681 melius
959 2643 1011 2698 per
1029 2623 1200 2680 constitutio-

245 2694 364 2771 nem²⁰)
386 2697 565 2767 reformavit,
588 2707 626 2769 ut,
646 2697 758 2754 fictione
777 2699 891 2772 pristina
912 2698 1043 2770 explosa,
1064 2709 1143 2754 recta
1161 2697 1200 2750 ria
1248 2709 1249 2712 ’

246 2771 322 2847 apud
343 2782 534 2846 competentes
554 2771 658 2828 iudices
679 2771 721 2826 rel
741 2772 916 2846 magistratus
936 2783 1066 2846 parentes
1086 2771 1198 2840 intrent,

244 2857 274 2902 et
299 2845 371 2901 filios
395 2865 459 2901 suos
487 2845 528 2901 vel
547 2843 636 2912 filins,
665 2844 707 2902 rel
727 2858 842 2921 nepotes
863 2845 903 2903 rel
926 2856 1039 2920 neptes,
1067 2863 1101 2901 no
1124 2845 1200 2902 dein·

243 2937 325 2994 ceps,
343 2938 393 2975 sua
413 2938 497 2974 manu
517 2919 697 2974 dimitterent.
719 2931 747 2976 et
766 2931 831 2976 tunc
849 2937 885 2975 ex
902 2919 993 2976 edicto
1012 2914 1197 2993 praetoris²¹)

245 2992 273 3046 in
300 2992 380 3048 liuius
407 2995 455 3048 lilii
481 2992 523 3048 rel
548 2991 640 3062 filiae,
665 2994 777 3068 nepotis
798 2992 839 3049 rel
859 2994 949 3067 neptis
972 2992 1065 3064 bonis,
1092 2993 1141 3068 qui
1162 2990 1199 3045 rel

244 3083 318 3139 quae
341 3083 358 3120 a
377 3077 493 3140 parente
512 3066 694 3122 manumissus
719 3067 760 3124 rel
789 3068 957 3123 manumissa
975 3066 1075 3138 suerit,
1103 3065 1198 3122 eadem

244 3171 464 3187 m—

302 3225 326 3276 b)
342 3226 376 3280 et,
391 3225 490 3276 proinde
504 3225 542 3277 ut,
558 3226 611 3268 inde
625 3226 660 3278 et,
675 3224 748 3280 mute,
764 3233 823 3266 nrmr.
837 3244 865 3256 -
894 3222 911 3276 i)
926 3223 1043 3276 dicantus,
1058 3223 1167 3266 meorum.

273 3345 297 3398 9)
312 3347 338 3391 t).
353 3346 383 3390 de
397 3347 487 3390 consul.
502 3347 558 3403 th,
574 3347 596 3390 a.
617 3348 634 3390 1.
649 3346 664 3390 t.
680 3369 708 3380 -
742 3349 810 3390 culus
818 3349 919 3392 Flaccus
928 3345 1067 3399 sturmius
1076 3345 1198 3396 (ennom.

246 3403 285 3456 10)
305 3403 416 3448 zosimus
436 3405 470 3459 11,
492 3402 530 3447 11.
572 3403 707 3448 cassiodor.
742 3413 764 3455 p.
781 3405 937 3454 15.1111.)-
967 3404 1004 3454 15)
1018 3404 1047 3446 1).
1063 3403 1118 3446 eod.
1131 3403 1149 3445 l.
1164 3399 1197 3442 111.

244 3460 447 3516 11111112.-
486 3460 522 3510 11)
538 3458 586 3504 Cio.
608 3463 656 3512 top.
670 3461 707 3514 8,;
741 3457 1197 3512 -16)xr1tsnui.,oott.tttp.x‚t.

243 3515 275 3559 dc
286 3519 345 3561 orat.
354 3520 371 3571 l,
380 3516 433 3570 run,
448 3527 470 3569 p.
479 3517 555 3560 Balbo
566 3517 601 3560 ¹2.
616 3519 708 3560 Seneca
741 3537 768 3546 -
786 3515 823 3566 11)
836 3514 1036 3568 1111113119.
1053 3535 1081 3546 -
1108 3515 1145 3558 18)
1153 3513 1198 3558 ba-

242 3576 351 3616 onntrov.
366 3574 411 3625 111,
431 3572 466 3616 tl).
495 3575 582 3616 Festus
598 3583 620 3614 v.
640 3574 707 3624 post·
741 3573 881 3616 etant.·dtr.
905 3573 959 3614 inst.
974 3571 1013 3624 lV,
1029 3571 1052 3626 3,
1071 3570 1107 3614 ll.
1136 3569 1160 3612 c.
1176 3569 1197 3609 b.

242 3627 292 3671 tar.
321 3630 348 3672 1).
365 3629 394 3672 dc
409 3629 497 3681 captiv.
512 3630 596 3684 xcix,
614 3630 650 3671 15.
679 3629 705 3672 (3.
741 3629 757 3672 1.
772 3626 788 3670 f.
810 3629 870 3671 Nor.
885 3629 922 3672 st.
939 3638 973 3679 pr.
995 3649 1023 3658 -
1053 3625 1091 3678 19)
1106 3625 1131 3670 c.
1146 3625 1168 3667 lt.
1181 3624 1196 3664 l·

245 3683 276 3727 tle
290 3683 435 3736 postliminio
444 3687 505 3736 vin,
519 3688 557 3728 bt.
572 3707 601 3718 -
625 3686 661 3735 111)
676 3685 706 3730 tt.
741 3695 793 3736 pen.
810 3706 838 3715 -
860 3684 899 3735 20)
914 3685 940 3726 C.
956 3685 977 3726 b.
993 3685 1009 3726 1.
1023 3682 1061 3726 tin.
1075 3705 1103 3714 -
1123 3682 1149 3724 11
1155 3679 1196 3730 tl).

245 3739 298 3783 crud.
313 3741 329 3782 1.
347 3742 382 3782 11.
405 3741 544 3792 praesertim
564 3741 588 3794 S.
604 3741 662 3784 26.
678 3763 705 3773 -
741 3739 761 3781 ut
777 3750 791 3784 a
807 3740 1042 3793 usronroxxxvrt,
1067 3739 1102 3782 11.
1130 3739 1147 3780 1.
1168 3735 1195 3777 rte
1248 3767 1249 3770 ,

247 3797 285 3847 13)
299 3797 328 3840 ll.
344 3796 396 3838 eod.
412 3799 429 3840 1.
447 3799 482 3840 12.
498 3799 520 3850 S.
532 3800 551 3839 1.
566 3819 593 3828 -
618 3797 654 3846 tt)
667 3795 706 3838 Si·
741 3797 794 3838 born
811 3808 873 3848 prosu.
889 3799 929 3840 111.
945 3797 961 3840 ll
976 3796 1032 3844 llll).
1049 3796 1073 3848 S.
1088 3794 1109 3836 1.
