2548 4342
216 343 260 407 88
301 345 449 404 lusrrrur.
479 345 897 412 Duunauu.ouau.eru1rr.
914 342 1018 412 11,19.
1035 341 1171 424 §.tt-7.

218 492 265 566 qui
293 501 485 549 testamentum
511 494 606 550 iacere
625 502 734 568 potest;
762 491 929 561 sedetiam,
959 491 1061 565 quiex
1082 489 1179 545 alieno

218 574 384 622 testamento
404 566 446 622 vel
468 569 529 641 ipse
547 584 648 641 capere
666 573 772 642 potest,
793 565 833 620 vel
852 565 897 619 alii
917 565 1080 638 acquirere,
1109 563 1179 618 licet

218 657 276 694 non
295 649 387 714 potest
403 640 497 695 facere
514 649 717 697 testamentum.
737 648 765 694 et
783 638 847 694 ideo
867 638 1002 704 furiosus,
1023 646 1051 692 et
1071 647 1179 707 mutus,

218 723 247 768 et
266 725 428 787 postumus,
454 723 482 768 et
505 713 611 782 iulans,
632 723 660 768 et
679 711 884 779 filiusfamilias,
904 723 932 766 et
950 728 1046 766 serrus
1067 711 1181 765 alienus

218 788 375 841 testamenti
393 786 542 842 factionem
562 787 666 842 habere
684 785 827 842 dicuntur:
853 786 916 840 licet
931 785 1004 838 euim
1022 793 1180 839 testamen-

218 869 276 914 tum
301 859 394 915 lacere
419 877 475 914 nou
500 870 636 935 possunt,
662 871 783 915 attamen
809 876 844 913 ex
866 867 1030 914 testamento
1051 857 1093 911 vel
1112 857 1179 920 sibi,

190 933 262 993 svel
281 932 326 986 alii
343 933 485 1006 acquirere
504 937 664 1008 possunt⁷).
709 932 894 1003 ⁸)Eutraneis
913 942 1005 986 autem
1025 929 1185 986 heredibus

221 1005 391 1060 deliberandi
416 1016 537 1080 potestas
562 1017 603 1063 est
628 1006 663 1062 de
690 1005 819 1060 adeunda
842 1004 1012 1074 hereditate,
1046 1003 1091 1060 rel
1118 1021 1180 1060 nou

221 1078 359 1134 adeunda.
397 1077 454 1135 Sed
475 1081 531 1135 sive
552 1082 591 1152 is,
619 1082 662 1136 cui
680 1078 836 1134 abstinendi
855 1087 977 1150 potestas
998 1086 1057 1148 est,
1082 1077 1183 1132 immi·

220 1153 321 1208 scuerit
339 1171 369 1208 se
385 1153 464 1208 bonis
480 1153 666 1222 hereditariis,
686 1154 743 1208 sive
757 1161 915 1220 extraneus,
933 1151 977 1207 cui
992 1150 1027 1206 de
1043 1149 1181 1206 adeunda

220 1225 375 1283 hereditate
402 1227 557 1283 deliberare
582 1228 662 1298 licet,
695 1226 815 1296 adierit,
848 1235 946 1300 postea
973 1223 1182 1298 relinquendae

220 1299 381 1356 hereditatis
404 1300 564 1358 facultatem
590 1299 772 1370 nonhabet,
800 1300 850 1355 nisi
871 1300 960 1354 minor
979 1298 1014 1353 sit
1034 1297 1115 1353 anuis
1135 1299 1181 1352 vi-

221 1373 420 1449 gintiquinque.
441 1392 504 1430 uam
525 1375 605 1430 huius
623 1374 721 1429 aetatis
742 1373 919 1444 hominihus,
937 1372 1006 1427 sicut
1026 1371 1056 1426 in
1076 1373 1180 1428 ceteris

221 1447 347 1502 omnibus
374 1447 462 1502 causis
481 1446 624 1521 deceptis,
652 1447 690 1502 ita
711 1457 753 1514 et,
773 1447 795 1502 si
815 1456 921 1502 temere
939 1446 1103 1500 damnosam
1124 1445 1180 1500 he-

191 1519 366 1575 oreditatem
392 1522 578 1594 susceperint,
603 1530 717 1609 praetor
740 1520 873 1575 succurrit
883 1519 920 1591 ⁹).
958 1518 1111 1574 Sciendum
1131 1528 1179 1574 ta-

222 1609 283 1646 men
312 1603 370 1662 est,
405 1592 496 1648 divum
523 1594 694 1649 Hadrianum
720 1594 802 1648 etiam
829 1593 929 1648 maiori
957 1592 1179 1667 vigintiquinque

220 1666 297 1720 aionis
314 1665 419 1720 reniam
439 1667 564 1735 dedisse,
583 1686 644 1723 cunr
665 1677 728 1742 post
747 1667 850 1722 aditam
868 1665 1050 1722 hereditatem
1069 1667 1179 1740 grande

220 1757 267 1793 aes
282 1739 417 1808 alienum,
437 1740 511 1814 quod
527 1741 620 1797 aditae
632 1740 794 1796 hereditatis
808 1751 934 1814 tempore
949 1739 1064 1808 latebat,
1083 1757 1179 1795 emer-

220 1813 306 1868 sisset.
326 1813 375 1867 sed
395 1813 448 1870 hoc
466 1816 544 1869 divus
563 1815 675 1889 quidem
687 1818 710 1883 θ)
731 1814 888 1869 Hadrianus
906 1812 1021 1888 speciali
1039 1812 1179 1869 beneficio

220 1886 327 1941 cuidam
351 1889 516 1961 praestavit3
543 1888 621 1943 divus
646 1897 739 1942 autem
758 1886 918 1942 Gordianus
937 1896 1036 1960 postea
1055 1887 1084 1941 iu
1104 1888 1180 1942 mili-

186 1960 303 2020 uttihus
318 1962 510 2017 tantummodo
536 1961 590 2018 hoc
616 1961 757 2017 extendit:
793 1961 843 2016 sed
869 1970 964 2016 nostra
991 1959 1179 2016 benivolentia

221 2052 366 2088 commuue
393 2037 519 2090 omnihus
546 2035 674 2090 subiectis
698 2035 815 2106 imperio
840 2043 933 2089 nostro
952 2033 1006 2088 hoc
1025 2036 1179 2107 praestavit

222 2107 408 2178 beneficium,
438 2122 466 2162 et
485 2110 706 2170 constitutionem
727 2118 784 2162 tam
803 2107 995 2182 aequissimam
1017 2125 1101 2193 quam
1124 2127 1179 2162 no-

222 2179 302 2234 bilem
322 2181 444 2252 scripsit,
465 2182 541 2236 cuius
559 2191 682 2237 tenorem
696 2182 718 2236 si
735 2181 937 2236 observaverint
957 2181 1094 2252 hommes,
1113 2181 1179 2238 licet

222 2253 261 2306 eis
282 2263 310 2308 et
329 2253 406 2308 adire
425 2253 624 2326 hereditatem,
650 2264 678 2310 et
696 2255 723 2310 iu
744 2263 850 2309 tanturn
867 2253 971 2325 teneri,
993 2255 1021 2309 in
1042 2265 1177 2328 quantum

221 2325 312 2380 valere
339 2326 410 2381 bona
437 2327 597 2383 hereditatis
619 2328 780 2401 contigerit3
808 2337 838 2382 ut
854 2345 889 2384 ex
909 2327 962 2382 hac
981 2345 1065 2383 causa
1086 2347 1178 2402 neque

221 2398 425 2454 deliberationis
449 2402 580 2456 auxilium
607 2402 647 2456 eis
673 2401 722 2456 fiat
747 2401 951 2472 necessarium,
981 2401 1048 2469 nisi,
1075 2403 1179 2458 omissa

221 2473 414 2527 observatione
433 2484 544 2530 nostrae
564 2475 780 2542 constitutionis,
805 2485 833 2530 et
850 2474 1059 2530 deliberandum
1079 2476 1180 2530 existi-

221 2546 369 2616 maverint,
391 2557 418 2601 et
435 2566 495 2602 sese
512 2550 596 2603 veteri
616 2548 765 2622 gravamini
787 2548 915 2603 aditionis
934 2566 1094 2622 supponere
1115 2567 1179 2604 ma-

192 2620 381 2692 rlueriut¹⁰).
418 2619 485 2675 ltem
506 2631 654 2677 extraneus
671 2621 760 2692 heres,
783 2631 948 2677 testamento
961 2622 1109 2694 institutus,
1130 2632 1178 2677 aut

222 2695 256 2748 ab
273 2695 402 2748 intestato
422 2693 459 2749 ad
477 2695 626 2768 legitimam
645 2694 827 2750 hereditatem
850 2705 977 2767 vocatus,
998 2705 1108 2770 potest,
1129 2705 1179 2750 aut

221 2785 272 2838 pro
297 2767 401 2823 herede
428 2769 569 2840 gerendo,
597 2768 638 2823 rel
662 2768 744 2823 etiam
770 2768 844 2823 nuda
865 2768 1060 2838 voluntate¹¹)
1089 2770 1178 2825 susci-

222 2840 340 2914 piendae
361 2841 535 2913 hereditatis,
562 2843 642 2898 heres
661 2841 731 2897 lieri.
769 2861 820 2916 pro
841 2841 944 2897 herede
964 2852 1057 2898 autem
1077 2860 1180 2916 gerere

221 2915 280 2988 quis
302 2915 423 2985 videtur,
450 2917 472 2970 si
499 2917 581 2972 rebus
609 2915 781 2970 hereditariis
807 2925 946 2988 tamquam
973 2915 1053 2972 heres
1073 2927 1178 2986 utatur,

221 2988 263 3041 vel
282 2987 428 3042 vendendo
452 3007 496 3043 res
516 2988 713 3060 hereditarias,
741 2999 790 3043 aut
809 2989 923 3062 praedia
943 2988 1060 3044 colendo
1079 2989 1178 3044 locan-

221 3059 311 3126 duve,
344 3069 371 3114 et
398 3078 509 3134 quoquo
532 3063 616 3117 modo
640 3062 662 3116 si
690 3061 856 3118 voluntatem
884 3079 961 3116 suam
988 3062 1180 3133 declaret¹²),

219 3185 439 3196 *—

277 3255 299 3304 ε)
314 3252 404 3305 quidem
417 3253 497 3308 dirus‚·
512 3249 557 3294 del.
572 3253 668 3305 quidem.

249 3395 271 3444 1)
286 3395 314 3438 D.
335 3394 364 3436 de
385 3393 466 3436 hered.
486 3391 559 3436 instit.
574 3393 679 3447 XXVIII,
715 3393 768 3436 11,
791 3415 819 3425 -
846 3393 916 3445 9)11.
936 3393 966 3435 dc
986 3391 1070 3435 minor.
1089 3393 1130 3443 IV,
1151 3391 1176 3434 1.

219 3451 273 3494 5.1.
289 3449 327 3494 49.
343 3452 366 3503 s.
383 3451 402 3492 1.
423 3451 439 3492 t.
455 3449 477 3493 6.
492 3451 516 3502 s.
534 3449 554 3492 2.
570 3450 592 3492 3,
611 3451 627 3491 l.
641 3449 679 3492 50.
714 3451 730 3492 1.
747 3450 768 3492 7.
789 3451 849 3504 §.a
865 3449 886 3492 9.
916 3450 934 3492 1.
950 3449 979 3491 de
994 3448 1079 3492 aetium
1094 3449 1135 3500 IV,
1150 3447 1175 3490 6.

220 3519 254 3559 pr.
269 3508 284 3550 1.
301 3505 339 3550 59.
354 3506 407 3560 §.h
423 3509 439 3549 1.
452 3506 489 3548 61.
505 3506 625 3557 pr-D.
641 3505 680 3558 qui
713 3528 742 3536 —
758 3505 796 3556 111)
811 3507 837 3548 C.
851 3508 874 3548 h.
889 3507 904 3547 1.
921 3505 1001 3548 22-
1019 3506 1047 3548 11,
1063 3503 1174 3546 decond.

221 3565 314 3606 testam.
342 3561 386 3605 fao.
408 3563 520 3614 XXVIII,
543 3563 563 3603 1.
590 3561 606 3603 I.
627 3563 679 3613 16.;
714 3561 790 3605 indeh.
812 3563 868 3614 XII,
892 3560 913 3604 6.
941 3561 995 3604 111.
1017 3559 1040 3614 S.
1058 3561 1079 3603 1.
1095 3559 1124 3611 li)
1145 3579 1176 3590 -

219 3619 325 3672 XXVIII,
341 3620 363 3662 5.
378 3620 394 3662 1.
409 3621 446 3662 et.
462 3628 497 3671 pr.
519 3616 587 3660 1511.
602 3628 636 3668 pr.
652 3638 680 3648 -
715 3620 753 3666 11)
770 3618 796 3661 C.
812 3620 834 3661 h.
850 3617 895 3661 16.
919 3617 947 3659 D.
964 3617 994 3659 ad
1010 3617 1054 3660 sc.
1070 3615 1174 3658 rietur.

220 3675 326 3724 811111.
349 3677 365 3718 1.
382 3676 418 3718 11.
441 3674 477 3716 12.
498 3673 535 3715 38.
556 3673 593 3714 81.
616 3674 640 3725 s.
659 3674 678 3715 1.
713 3673 818 3728 XXXVI,
836 3671 1061 3725 1111858.-
1091 3672 1129 3724 111)
1143 3670 1172 3714 l).

220 3728 339 3782 1,89.94.;
355 3730 384 3771 tle
399 3729 450 3773 iure
465 3728 534 3771 delib.
543 3729 647 3782 XXVIII,
656 3728 677 3771 8.
713 3731 735 3772 h.
750 3730 767 3774 1,
782 3729 893 3772 athan
909 3728 946 3772 24.
962 3727 1000 3772 11).
1014 3728 1053 3772 88.

220 3785 246 3830 C.
263 3788 317 3828 hl.
335 3784 371 3827 10.
389 3785 438 3839 123
459 3785 488 3827 de
502 3784 584 3836 repud.
599 3784 678 3826 hesed.
785 3787 787 3790 '
