<?xml version="1.0" encoding="UTF-8"?>
<!DOCTYPE html PUBLIC "-//W3C//DTD XHTML 1.0 Transitional//EN"
    "http://www.w3.org/TR/xhtml1/DTD/xhtml1-transitional.dtd">
<html xmlns="http://www.w3.org/1999/xhtml" xml:lang="en" lang="en">
 <head>
  <title>
</title>
<meta http-equiv="Content-Type" content="text/html;charset=utf-8" />
  <meta name='ocr-system' content='tesseract 3.04.00' />
  <meta name='ocr-capabilities' content='ocr_page ocr_carea ocr_par ocr_line ocrx_word'/>
</head>
<body>
  <div class='ocr_page' id='page_1' title='image "./imperatorisjust00schrgoog_0201.png"; bbox 0 0 2516 4328; ppageno 0'>
   <div class='ocr_carea' id='block_1_1' title="bbox 206 259 1197 342">
    <p class='ocr_par' dir='ltr' id='par_1_1' title="bbox 206 259 1197 342">
     <span class='ocr_line' id='line_1_1' title="bbox 206 259 1197 342; baseline -0.006 -17"><span class='ocrx_word' id='word_1_1' title='bbox 206 263 271 334; x_wconf 70' lang='grc'><strong>181</strong></span> <span class='ocrx_word' id='word_1_2' title='bbox 321 265 472 328; x_wconf 74' lang='lat' dir='ltr'><strong>tumtun.</strong></span> <span class='ocrx_word' id='word_1_3' title='bbox 501 262 551 322; x_wconf 77' lang='lat' dir='ltr'><strong>De</strong></span> <span class='ocrx_word' id='word_1_4' title='bbox 567 277 746 322; x_wconf 69' lang='lat' dir='ltr'><strong>auxitanus</strong></span> <span class='ocrx_word' id='word_1_5' title='bbox 762 278 885 338; x_wconf 73' lang='lat' dir='ltr'><strong>acrius.</strong></span> <span class='ocrx_word' id='word_1_6' title='bbox 903 260 960 332; x_wconf 85' lang='lat' dir='ltr'><strong>tv,</strong></span> <span class='ocrx_word' id='word_1_7' title='bbox 977 265 1009 320; x_wconf 82' lang='grc'><strong>8.</strong></span> <span class='ocrx_word' id='word_1_8' title='bbox 1033 259 1069 342; x_wconf 68' lang='lat'><strong>5.</strong></span> <span class='ocrx_word' id='word_1_9' title='bbox 1083 267 1197 319; x_wconf 75' lang='lat'><strong>5-7,</strong></span> 
     </span>
    </p>
   </div>
   <div class='ocr_carea' id='block_1_2' title="bbox 176 407 1199 3218">
    <p class='ocr_par' dir='ltr' id='par_1_2' title="bbox 177 407 1199 942">
     <span class='ocr_line' id='line_1_2' title="bbox 206 407 1198 492; baseline -0.01 -18"><span class='ocrx_word' id='word_1_10' title='bbox 206 415 372 492; x_wconf 80' lang='lat' dir='ltr'><strong>permissum</strong></span> <span class='ocrx_word' id='word_1_11' title='bbox 391 424 450 483; x_wconf 90' lang='lat' dir='ltr'><strong>est,</strong></span> <span class='ocrx_word' id='word_1_12' title='bbox 468 431 563 470; x_wconf 79' lang='lat' dir='ltr'><strong>noxae</strong></span> <span class='ocrx_word' id='word_1_13' title='bbox 583 410 726 468; x_wconf 91' lang='lat' dir='ltr'><strong>deditione</strong></span> <span class='ocrx_word' id='word_1_14' title='bbox 746 407 878 484; x_wconf 75' lang='lat' dir='ltr'><strong>defungi:</strong></span> <span class='ocrx_word' id='word_1_15' title='bbox 900 425 1029 485; x_wconf 87' lang='lat' dir='ltr'><strong>namque</strong></span> <span class='ocrx_word' id='word_1_16' title='bbox 1048 420 1122 466; x_wconf 89' lang='lat' dir='ltr'><strong>erat</strong></span> <span class='ocrx_word' id='word_1_17' title='bbox 1144 411 1198 464; x_wconf 85' lang='lat' dir='ltr'><strong>ini-</strong></span> 
     </span>
     <span class='ocr_line' id='line_1_3' title="bbox 207 483 1199 569; baseline -0.008 -21"><span class='ocrx_word' id='word_1_18' title='bbox 207 507 310 569; x_wconf 82' lang='lat' dir='ltr'><strong>quum,</strong></span> <span class='ocrx_word' id='word_1_19' title='bbox 330 487 482 565; x_wconf 81' lang='lat' dir='ltr'><strong>nequitiam</strong></span> <span class='ocrx_word' id='word_1_20' title='bbox 501 503 601 544; x_wconf 86' lang='lat' dir='ltr'><strong>eorum</strong></span> <span class='ocrx_word' id='word_1_21' title='bbox 621 485 692 541; x_wconf 85' lang='lat' dir='ltr'><strong>nitra</strong></span> <span class='ocrx_word' id='word_1_22' title='bbox 710 485 833 557; x_wconf 82' lang='lat' dir='ltr'><strong>ipsorum</strong></span> <span class='ocrx_word' id='word_1_23' title='bbox 852 500 975 556; x_wconf 89' lang='lat' dir='ltr'><strong>corpora</strong></span> <span class='ocrx_word' id='word_1_24' title='bbox 993 483 1131 543; x_wconf 77' lang='lat' dir='ltr'><strong>dominis</strong></span> <span class='ocrx_word' id='word_1_25' title='bbox 1145 485 1199 540; x_wconf 85' lang='lat' dir='ltr'><strong>da-</strong></span> 
     </span>
     <span class='ocr_line' id='line_1_4' title="bbox 177 557 1197 630; baseline -0.01 -7"><span class='ocrx_word' id='word_1_26' title='bbox 177 580 335 624; x_wconf 82' lang='lat' dir='ltr'><strong>tttttnosarn</strong></span> <span class='ocrx_word' id='word_1_27' title='bbox 353 562 465 630; x_wconf 50' lang='grc' dir='ltr'><strong>οων).</strong></span> <span class='ocrx_word' id='word_1_28' title='bbox 501 560 657 627; x_wconf 78' lang='lat' dir='ltr'><strong>Dominus,</strong></span> <span class='ocrx_word' id='word_1_29' title='bbox 676 557 772 614; x_wconf 78' lang='lat' dir='ltr'><strong>noxali</strong></span> <span class='ocrx_word' id='word_1_30' title='bbox 790 557 894 614; x_wconf 88' lang='lat' dir='ltr'><strong>iudicio</strong></span> <span class='ocrx_word' id='word_1_31' title='bbox 913 557 988 614; x_wconf 80' lang='lat' dir='ltr'><strong>servi</strong></span> <span class='ocrx_word' id='word_1_32' title='bbox 1005 557 1054 614; x_wconf 82' lang='lat' dir='ltr'><strong>sni</strong></span> <span class='ocrx_word' id='word_1_33' title='bbox 1071 558 1197 616; x_wconf 78' lang='lat' dir='ltr'><strong>nomine</strong></span> 
     </span>
     <span class='ocr_line' id='line_1_5' title="bbox 205 629 1197 707; baseline -0.008 -11"><span class='ocrx_word' id='word_1_34' title='bbox 205 646 376 707; x_wconf 80' lang='lat' dir='ltr'><strong>conventus,</strong></span> <span class='ocrx_word' id='word_1_35' title='bbox 405 653 514 692; x_wconf 85' lang='lat' dir='ltr'><strong>serrum</strong></span> <span class='ocrx_word' id='word_1_36' title='bbox 542 633 630 690; x_wconf 87' lang='lat' dir='ltr'><strong>actori</strong></span> <span class='ocrx_word' id='word_1_37' title='bbox 658 648 750 688; x_wconf 84' lang='lat' dir='ltr'><strong>noxae</strong></span> <span class='ocrx_word' id='word_1_38' title='bbox 781 629 914 687; x_wconf 91' lang='lat' dir='ltr'><strong>dedendo</strong></span> <span class='ocrx_word' id='word_1_39' title='bbox 940 630 1096 690; x_wconf 86' lang='lat' dir='ltr'><strong>liberatur.</strong></span> <span class='ocrx_word' id='word_1_40' title='bbox 1142 650 1197 688; x_wconf 85' lang='lat' dir='ltr'><strong>nec</strong></span> 
     </span>
     <span class='ocr_line' id='line_1_6' title="bbox 205 704 1196 784; baseline -0.008 -14"><span class='ocrx_word' id='word_1_41' title='bbox 205 712 298 770; x_wconf 78' lang='lat' dir='ltr'><strong>minus</strong></span> <span class='ocrx_word' id='word_1_42' title='bbox 323 718 490 784; x_wconf 83' lang='lat' dir='ltr'><strong>perpetuum</strong></span> <span class='ocrx_word' id='word_1_43' title='bbox 517 707 578 764; x_wconf 91' lang='lat' dir='ltr'><strong>eins</strong></span> <span class='ocrx_word' id='word_1_44' title='bbox 596 705 750 762; x_wconf 88' lang='lat' dir='ltr'><strong>dominium</strong></span> <span class='ocrx_word' id='word_1_45' title='bbox 772 722 787 760; x_wconf 89' lang='lat' dir='ltr'><strong>a</strong></span> <span class='ocrx_word' id='word_1_46' title='bbox 807 704 923 761; x_wconf 72' lang='lat' dir='ltr'><strong>donnino</strong></span> <span class='ocrx_word' id='word_1_47' title='bbox 943 705 1146 764; x_wconf 69' lang='lat' dir='ltr'><strong>transfertur:</strong></span> <span class='ocrx_word' id='word_1_48' title='bbox 1173 708 1196 762; x_wconf 86' lang='lat' dir='ltr'><strong>si</strong></span> 
     </span>
     <span class='ocr_line' id='line_1_7' title="bbox 206 777 1195 855; baseline -0.007 -12"><span class='ocrx_word' id='word_1_49' title='bbox 206 793 301 843; x_wconf 84' lang='lat' dir='ltr'><strong>autem</strong></span> <span class='ocrx_word' id='word_1_50' title='bbox 322 783 455 840; x_wconf 87' lang='lat' dir='ltr'><strong>damnum</strong></span> <span class='ocrx_word' id='word_1_51' title='bbox 478 781 522 854; x_wconf 87' lang='lat' dir='ltr'><strong>ei,</strong></span> <span class='ocrx_word' id='word_1_52' title='bbox 548 780 592 836; x_wconf 91' lang='lat' dir='ltr'><strong>cui</strong></span> <span class='ocrx_word' id='word_1_53' title='bbox 613 779 726 836; x_wconf 89' lang='lat' dir='ltr'><strong>deditus</strong></span> <span class='ocrx_word' id='word_1_54' title='bbox 745 790 788 834; x_wconf 89' lang='lat' dir='ltr'><strong>est</strong></span> <span class='ocrx_word' id='word_1_55' title='bbox 798 779 843 850; x_wconf 59' lang='grc' dir='ltr'><strong>1ν),</strong></span> <span class='ocrx_word' id='word_1_56' title='bbox 869 777 1033 836; x_wconf 86' lang='lat' dir='ltr'><strong>resarcierit</strong></span> <span class='ocrx_word' id='word_1_57' title='bbox 1053 780 1195 855; x_wconf 84' lang='lat' dir='ltr'><strong>quaesita</strong></span> 
     </span>
     <span class='ocr_line' id='line_1_8' title="bbox 244 851 1195 942; baseline -0.003 -28"><span class='ocrx_word' id='word_1_58' title='bbox 244 859 348 928; x_wconf 84' lang='lat' dir='ltr'><strong>conia,</strong></span> <span class='ocrx_word' id='word_1_59' title='bbox 375 855 480 912; x_wconf 82' lang='lat' dir='ltr'><strong>auxilio</strong></span> <span class='ocrx_word' id='word_1_60' title='bbox 506 853 644 942; x_wconf 86' lang='lat' dir='ltr'><strong>praetoris</strong></span> <span class='ocrx_word' id='word_1_61' title='bbox 670 853 755 910; x_wconf 87' lang='lat' dir='ltr'><strong>inrito</strong></span> <span class='ocrx_word' id='word_1_62' title='bbox 780 851 895 908; x_wconf 89' lang='lat' dir='ltr'><strong>domino</strong></span> <span class='ocrx_word' id='word_1_63' title='bbox 914 853 1146 910; x_wconf 87' lang='lat' dir='ltr'><strong>manumittetur</strong></span> <span class='ocrx_word' id='word_1_64' title='bbox 1156 851 1195 929; x_wconf 81' lang='lat'><strong>⁵).</strong></span> 
     </span>
    </p>

    <p class='ocr_par' dir='ltr' id='par_1_3' title="bbox 176 926 1193 3218">
     <span class='ocr_line' id='line_1_9' title="bbox 177 926 1193 1001; baseline -0.001 -18"><span class='ocrx_word' id='word_1_65' title='bbox 177 937 196 983; x_wconf 80' lang='grc'><strong>4</strong></span> <span class='ocrx_word' id='word_1_66' title='bbox 269 941 280 986; x_wconf 97' lang='lat' dir='ltr'><strong>t</strong></span> <span class='ocrx_word' id='word_1_67' title='bbox 305 940 401 987; x_wconf 84' lang='lat' dir='ltr'><strong>nutem</strong></span> <span class='ocrx_word' id='word_1_68' title='bbox 428 938 596 986; x_wconf 75' lang='lat' dir='ltr'><strong>constitutae</strong></span> <span class='ocrx_word' id='word_1_69' title='bbox 623 927 740 984; x_wconf 78' lang='lat' dir='ltr'><strong>noxales</strong></span> <span class='ocrx_word' id='word_1_70' title='bbox 766 927 890 984; x_wconf 75' lang='lat' dir='ltr'><strong>actiones</strong></span> <span class='ocrx_word' id='word_1_71' title='bbox 918 937 967 982; x_wconf 88' lang='lat' dir='ltr'><strong>aut</strong></span> <span class='ocrx_word' id='word_1_72' title='bbox 994 926 1116 1001; x_wconf 80' lang='lat' dir='ltr'><strong>legibus</strong></span> <span class='ocrx_word' id='word_1_73' title='bbox 1144 940 1193 986; x_wconf 87' lang='lat' dir='ltr'><strong>aut</strong></span> 
     </span>
     <span class='ocr_line' id='line_1_10' title="bbox 207 999 1193 1078; baseline -0.006 -16"><span class='ocrx_word' id='word_1_74' title='bbox 207 1004 300 1062; x_wconf 88' lang='lat' dir='ltr'><strong>edicto</strong></span> <span class='ocrx_word' id='word_1_75' title='bbox 326 1003 473 1078; x_wconf 88' lang='lat' dir='ltr'><strong>praetoris.</strong></span> <span class='ocrx_word' id='word_1_76' title='bbox 511 1002 642 1077; x_wconf 86' lang='lat' dir='ltr'><strong>legibus,</strong></span> <span class='ocrx_word' id='word_1_77' title='bbox 668 999 751 1056; x_wconf 79' lang='lat' dir='ltr'><strong>veluti</strong></span> <span class='ocrx_word' id='word_1_78' title='bbox 771 1000 858 1068; x_wconf 82' lang='lat' dir='ltr'><strong>furti,</strong></span> <span class='ocrx_word' id='word_1_79' title='bbox 880 1001 945 1075; x_wconf 87' lang='lat' dir='ltr'><strong>iege</strong></span> <span class='ocrx_word' id='word_1_80' title='bbox 961 1000 1124 1058; x_wconf 84' lang='lat' dir='ltr'><strong>duodecim</strong></span> <span class='ocrx_word' id='word_1_81' title='bbox 1147 1010 1193 1057; x_wconf 83' lang='lat' dir='ltr'><strong>ta·</strong></span> 
     </span>
     <span class='ocr_line' id='line_1_11' title="bbox 209 1073 1189 1166; baseline -0.005 -31"><span class='ocrx_word' id='word_1_82' title='bbox 209 1077 335 1135; x_wconf 79' lang='lat' dir='ltr'><strong>bolarum</strong></span> <span class='ocrx_word' id='word_1_83' title='bbox 343 1097 353 1166; x_wconf 68' lang='lat' dir='ltr'><strong>q</strong></span> <span class='ocrx_word' id='word_1_84' title='bbox 379 1077 476 1134; x_wconf 89' lang='lat' dir='ltr'><strong>damni</strong></span> <span class='ocrx_word' id='word_1_85' title='bbox 501 1076 637 1143; x_wconf 88' lang='lat' dir='ltr'><strong>iniuriae,</strong></span> <span class='ocrx_word' id='word_1_86' title='bbox 662 1073 725 1148; x_wconf 82' lang='lat' dir='ltr'><strong>lege</strong></span> <span class='ocrx_word' id='word_1_87' title='bbox 744 1073 864 1149; x_wconf 77' lang='lat' dir='ltr'><strong>Aquilia.</strong></span> <span class='ocrx_word' id='word_1_88' title='bbox 903 1074 997 1131; x_wconf 89' lang='lat' dir='ltr'><strong>edicto</strong></span> <span class='ocrx_word' id='word_1_89' title='bbox 1025 1076 1189 1149; x_wconf 83' lang='lat' dir='ltr'><strong>praetoris,</strong></span> 
     </span>
     <span class='ocr_line' id='line_1_12' title="bbox 178 1143 1192 1222; baseline -0.005 -11"><span class='ocrx_word' id='word_1_90' title='bbox 178 1152 292 1212; x_wconf 80' lang='lat' dir='ltr'><strong>nvciuti</strong></span> <span class='ocrx_word' id='word_1_91' title='bbox 312 1152 475 1209; x_wconf 77' lang='lat' dir='ltr'><strong>iniuriarum</strong></span> <span class='ocrx_word' id='word_1_92' title='bbox 495 1160 525 1207; x_wconf 92' lang='lat' dir='ltr'><strong>et</strong></span> <span class='ocrx_word' id='word_1_93' title='bbox 540 1151 566 1205; x_wconf 84' lang='lat' dir='ltr'><strong>vi</strong></span> <span class='ocrx_word' id='word_1_94' title='bbox 581 1151 719 1205; x_wconf 87' lang='lat' dir='ltr'><strong>bonorum</strong></span> <span class='ocrx_word' id='word_1_95' title='bbox 735 1159 878 1222; x_wconf 91' lang='lat' dir='ltr'><strong>raptorum</strong></span> <span class='ocrx_word' id='word_1_96' title='bbox 890 1143 928 1222; x_wconf 87' lang='lat'><strong>⁶).</strong></span> <span class='ocrx_word' id='word_1_97' title='bbox 966 1145 1073 1204; x_wconf 88' lang='lat' dir='ltr'><strong>Omnis</strong></span> <span class='ocrx_word' id='word_1_98' title='bbox 1087 1160 1192 1206; x_wconf 81' lang='lat' dir='ltr'><strong>autem</strong></span> 
     </span>
     <span class='ocr_line' id='line_1_13' title="bbox 206 1221 1188 1312; baseline -0.006 -29"><span class='ocrx_word' id='word_1_99' title='bbox 206 1227 316 1284; x_wconf 81' lang='lat' dir='ltr'><strong>noxalis</strong></span> <span class='ocrx_word' id='word_1_100' title='bbox 337 1226 409 1282; x_wconf 88' lang='lat' dir='ltr'><strong>actio</strong></span> <span class='ocrx_word' id='word_1_101' title='bbox 429 1233 514 1298; x_wconf 87' lang='lat' dir='ltr'><strong>caput</strong></span> <span class='ocrx_word' id='word_1_102' title='bbox 533 1223 669 1312; x_wconf 88' lang='lat' dir='ltr'><strong>seqnitur.</strong></span> <span class='ocrx_word' id='word_1_103' title='bbox 698 1239 764 1277; x_wconf 91' lang='lat' dir='ltr'><strong>nam</strong></span> <span class='ocrx_word' id='word_1_104' title='bbox 784 1222 807 1279; x_wconf 90' lang='lat' dir='ltr'><strong>si</strong></span> <span class='ocrx_word' id='word_1_105' title='bbox 827 1239 923 1278; x_wconf 81' lang='lat' dir='ltr'><strong>servos</strong></span> <span class='ocrx_word' id='word_1_106' title='bbox 943 1231 1009 1278; x_wconf 89' lang='lat' dir='ltr'><strong>tuus</strong></span> <span class='ocrx_word' id='word_1_107' title='bbox 1027 1221 1188 1299; x_wconf 58' lang='grc' dir='ltr'><strong>πολίων)</strong></span> 
     </span>
     <span class='ocr_line' id='line_1_14' title="bbox 207 1297 1187 1375; baseline -0.006 -18"><span class='ocrx_word' id='word_1_108' title='bbox 207 1301 396 1372; x_wconf 87' lang='lat' dir='ltr'><strong>commiserit,</strong></span> <span class='ocrx_word' id='word_1_109' title='bbox 418 1297 553 1375; x_wconf 85' lang='lat' dir='ltr'><strong>quamdiu</strong></span> <span class='ocrx_word' id='word_1_110' title='bbox 573 1316 601 1354; x_wconf 90' lang='lat' dir='ltr'><strong>rn</strong></span> <span class='ocrx_word' id='word_1_111' title='bbox 621 1307 669 1353; x_wconf 92' lang='lat' dir='ltr'><strong>tua</strong></span> <span class='ocrx_word' id='word_1_112' title='bbox 684 1304 823 1370; x_wconf 76' lang='lat' dir='ltr'><strong>potestate</strong></span> <span class='ocrx_word' id='word_1_113' title='bbox 839 1305 897 1368; x_wconf 85' lang='lat' dir='ltr'><strong>est,</strong></span> <span class='ocrx_word' id='word_1_114' title='bbox 918 1303 1011 1352; x_wconf 89' lang='lat' dir='ltr'><strong>tecum</strong></span> <span class='ocrx_word' id='word_1_115' title='bbox 1028 1306 1076 1354; x_wconf 87' lang='lat' dir='ltr'><strong>est</strong></span> <span class='ocrx_word' id='word_1_116' title='bbox 1090 1297 1187 1370; x_wconf 83' lang='lat' dir='ltr'><strong>actio;</strong></span> 
     </span>
     <span class='ocr_line' id='line_1_15' title="bbox 207 1369 1186 1447; baseline -0.005 -16"><span class='ocrx_word' id='word_1_117' title='bbox 207 1374 231 1431; x_wconf 88' lang='lat' dir='ltr'><strong>si</strong></span> <span class='ocrx_word' id='word_1_118' title='bbox 255 1373 283 1430; x_wconf 88' lang='lat' dir='ltr'><strong>io</strong></span> <span class='ocrx_word' id='word_1_119' title='bbox 305 1374 418 1432; x_wconf 88' lang='lat' dir='ltr'><strong>alterius</strong></span> <span class='ocrx_word' id='word_1_120' title='bbox 438 1381 605 1447; x_wconf 87' lang='lat' dir='ltr'><strong>potestatem</strong></span> <span class='ocrx_word' id='word_1_121' title='bbox 628 1371 805 1444; x_wconf 81' lang='lat' dir='ltr'><strong>pervenerit,</strong></span> <span class='ocrx_word' id='word_1_122' title='bbox 832 1387 895 1426; x_wconf 89' lang='lat' dir='ltr'><strong>cum</strong></span> <span class='ocrx_word' id='word_1_123' title='bbox 915 1369 964 1426; x_wconf 84' lang='lat' dir='ltr'><strong>iiio</strong></span> <span class='ocrx_word' id='word_1_124' title='bbox 984 1371 1089 1445; x_wconf 87' lang='lat' dir='ltr'><strong>incipit</strong></span> <span class='ocrx_word' id='word_1_125' title='bbox 1111 1371 1186 1428; x_wconf 84' lang='lat' dir='ltr'><strong>actio</strong></span> 
     </span>
     <span class='ocr_line' id='line_1_16' title="bbox 208 1443 1188 1520; baseline -0.007 -14"><span class='ocrx_word' id='word_1_126' title='bbox 208 1465 290 1520; x_wconf 86' lang='lat' dir='ltr'><strong>esee,</strong></span> <span class='ocrx_word' id='word_1_127' title='bbox 318 1447 419 1519; x_wconf 64' lang='lat' dir='ltr'><strong>auti),</strong></span> <span class='ocrx_word' id='word_1_128' title='bbox 445 1447 468 1501; x_wconf 87' lang='lat' dir='ltr'><strong>si</strong></span> <span class='ocrx_word' id='word_1_129' title='bbox 496 1443 681 1502; x_wconf 77' lang='lat' dir='ltr'><strong>manumissus</strong></span> <span class='ocrx_word' id='word_1_130' title='bbox 706 1443 808 1515; x_wconf 81' lang='lat' dir='ltr'><strong>suerit,</strong></span> <span class='ocrx_word' id='word_1_131' title='bbox 836 1443 945 1500; x_wconf 88' lang='lat' dir='ltr'><strong>directo</strong></span> <span class='ocrx_word' id='word_1_132' title='bbox 969 1443 1031 1518; x_wconf 86' lang='lat' dir='ltr'><strong>ipse</strong></span> <span class='ocrx_word' id='word_1_133' title='bbox 1058 1455 1188 1513; x_wconf 84' lang='lat' dir='ltr'><strong>tenetur,</strong></span> 
     </span>
     <span class='ocr_line' id='line_1_17' title="bbox 208 1516 1185 1594; baseline -0.004 -16"><span class='ocrx_word' id='word_1_134' title='bbox 208 1531 237 1578; x_wconf 89' lang='lat' dir='ltr'><strong>et</strong></span> <span class='ocrx_word' id='word_1_135' title='bbox 263 1521 436 1594; x_wconf 81' lang='lat' dir='ltr'><strong>extinguitur</strong></span> <span class='ocrx_word' id='word_1_136' title='bbox 462 1535 555 1575; x_wconf 83' lang='lat' dir='ltr'><strong>noxae</strong></span> <span class='ocrx_word' id='word_1_137' title='bbox 579 1517 695 1576; x_wconf 86' lang='lat' dir='ltr'><strong>deditio.</strong></span> <span class='ocrx_word' id='word_1_138' title='bbox 733 1535 770 1574; x_wconf 82' lang='lat' dir='ltr'><strong>ex</strong></span> <span class='ocrx_word' id='word_1_139' title='bbox 795 1516 906 1574; x_wconf 77' lang='lat' dir='ltr'><strong>diverso</strong></span> <span class='ocrx_word' id='word_1_140' title='bbox 928 1535 1045 1594; x_wconf 88' lang='lat' dir='ltr'><strong>quoque</strong></span> <span class='ocrx_word' id='word_1_141' title='bbox 1074 1520 1185 1575; x_wconf 83' lang='lat' dir='ltr'><strong>directa</strong></span> 
     </span>
     <span class='ocr_line' id='line_1_18' title="bbox 208 1591 1186 1666; baseline -0.003 -15"><span class='ocrx_word' id='word_1_142' title='bbox 208 1593 280 1651; x_wconf 89' lang='lat' dir='ltr'><strong>actio</strong></span> <span class='ocrx_word' id='word_1_143' title='bbox 302 1593 411 1650; x_wconf 83' lang='lat' dir='ltr'><strong>noxalis</strong></span> <span class='ocrx_word' id='word_1_144' title='bbox 431 1609 492 1650; x_wconf 87' lang='lat' dir='ltr'><strong>esse</strong></span> <span class='ocrx_word' id='word_1_145' title='bbox 512 1592 625 1666; x_wconf 84' lang='lat' dir='ltr'><strong>incipit:</strong></span> <span class='ocrx_word' id='word_1_146' title='bbox 644 1610 710 1650; x_wconf 88' lang='lat' dir='ltr'><strong>nam</strong></span> <span class='ocrx_word' id='word_1_147' title='bbox 729 1591 752 1646; x_wconf 90' lang='lat' dir='ltr'><strong>si</strong></span> <span class='ocrx_word' id='word_1_148' title='bbox 770 1591 842 1648; x_wconf 83' lang='lat' dir='ltr'><strong>iiber</strong></span> <span class='ocrx_word' id='word_1_149' title='bbox 858 1591 945 1647; x_wconf 87' lang='lat' dir='ltr'><strong>homo</strong></span> <span class='ocrx_word' id='word_1_150' title='bbox 962 1592 1083 1648; x_wconf 78' lang='lat' dir='ltr'><strong>noxiam</strong></span> <span class='ocrx_word' id='word_1_151' title='bbox 1103 1611 1186 1650; x_wconf 90' lang='lat' dir='ltr'><strong>com-</strong></span> 
     </span>
     <span class='ocr_line' id='line_1_19' title="bbox 207 1664 1184 1743; baseline -0.003 -19"><span class='ocrx_word' id='word_1_152' title='bbox 207 1667 327 1739; x_wconf 77' lang='lat' dir='ltr'><strong>miserit,</strong></span> <span class='ocrx_word' id='word_1_153' title='bbox 354 1676 383 1724; x_wconf 90' lang='lat' dir='ltr'><strong>et</strong></span> <span class='ocrx_word' id='word_1_154' title='bbox 403 1667 426 1722; x_wconf 90' lang='lat' dir='ltr'><strong>is</strong></span> <span class='ocrx_word' id='word_1_155' title='bbox 445 1677 621 1724; x_wconf 73' lang='lat' dir='ltr'><strong>serviremus</strong></span> <span class='ocrx_word' id='word_1_156' title='bbox 641 1684 702 1724; x_wconf 90' lang='lat' dir='ltr'><strong>esse</strong></span> <span class='ocrx_word' id='word_1_157' title='bbox 721 1665 846 1738; x_wconf 89' lang='lat' dir='ltr'><strong>coeperit</strong></span> <span class='ocrx_word' id='word_1_158' title='bbox 872 1664 962 1740; x_wconf 86' lang='lat' dir='ltr'><strong>(quod</strong></span> <span class='ocrx_word' id='word_1_159' title='bbox 982 1667 1099 1722; x_wconf 88' lang='lat' dir='ltr'><strong>casibus</strong></span> <span class='ocrx_word' id='word_1_160' title='bbox 1122 1666 1184 1743; x_wconf 88' lang='lat' dir='ltr'><strong>qui·</strong></span> 
     </span>
     <span class='ocr_line' id='line_1_20' title="bbox 207 1739 1183 1815; baseline 0 -18"><span class='ocrx_word' id='word_1_161' title='bbox 207 1739 327 1797; x_wconf 84' lang='lat' dir='ltr'><strong>busdam</strong></span> <span class='ocrx_word' id='word_1_162' title='bbox 352 1739 439 1814; x_wconf 85' lang='lat' dir='ltr'><strong>effici,</strong></span> <span class='ocrx_word' id='word_1_163' title='bbox 472 1740 563 1815; x_wconf 89' lang='lat' dir='ltr'><strong>primo</strong></span> <span class='ocrx_word' id='word_1_164' title='bbox 589 1739 699 1814; x_wconf 85' lang='lat' dir='ltr'><strong>libro⁷)</strong></span> <span class='ocrx_word' id='word_1_165' title='bbox 724 1739 925 1812; x_wconf 82' lang='lat' dir='ltr'><strong>tradidimus),</strong></span> <span class='ocrx_word' id='word_1_166' title='bbox 956 1739 1059 1815; x_wconf 89' lang='lat' dir='ltr'><strong>incipit</strong></span> <span class='ocrx_word' id='word_1_167' title='bbox 1088 1751 1183 1797; x_wconf 63' lang='lat' dir='ltr'><strong>muns</strong></span> 
     </span>
     <span class='ocr_line' id='line_1_21' title="bbox 176 1813 1185 1890; baseline -0.006 -16"><span class='ocrx_word' id='word_1_168' title='bbox 176 1827 269 1874; x_wconf 70' lang='lat' dir='ltr'><strong>desse</strong></span> <span class='ocrx_word' id='word_1_169' title='bbox 289 1813 397 1870; x_wconf 86' lang='lat' dir='ltr'><strong>noxalis</strong></span> <span class='ocrx_word' id='word_1_170' title='bbox 415 1815 507 1887; x_wconf 87' lang='lat' dir='ltr'><strong>actio,</strong></span> <span class='ocrx_word' id='word_1_171' title='bbox 533 1832 607 1890; x_wconf 88' lang='lat' dir='ltr'><strong>quae</strong></span> <span class='ocrx_word' id='word_1_172' title='bbox 633 1820 699 1871; x_wconf 88' lang='lat' dir='ltr'><strong>ante</strong></span> <span class='ocrx_word' id='word_1_173' title='bbox 720 1813 825 1869; x_wconf 87' lang='lat' dir='ltr'><strong>directa</strong></span> <span class='ocrx_word' id='word_1_174' title='bbox 844 1813 990 1885; x_wconf 80' lang='lat' dir='ltr'><strong>iursset⁸).</strong></span> <span class='ocrx_word' id='word_1_175' title='bbox 1028 1813 1065 1870; x_wconf 89' lang='lat' dir='ltr'><strong>Si</strong></span> <span class='ocrx_word' id='word_1_176' title='bbox 1084 1831 1185 1870; x_wconf 80' lang='lat' dir='ltr'><strong>servus</strong></span> 
     </span>
     <span class='ocr_line' id='line_1_22' title="bbox 208 1887 1184 1964; baseline 0 -20"><span class='ocrx_word' id='word_1_177' title='bbox 208 1887 323 1944; x_wconf 90' lang='lat' dir='ltr'><strong>domino</strong></span> <span class='ocrx_word' id='word_1_178' title='bbox 343 1888 458 1945; x_wconf 82' lang='lat' dir='ltr'><strong>noxiam</strong></span> <span class='ocrx_word' id='word_1_179' title='bbox 477 1888 668 1958; x_wconf 84' lang='lat' dir='ltr'><strong>commiserit,</strong></span> <span class='ocrx_word' id='word_1_180' title='bbox 697 1887 770 1943; x_wconf 90' lang='lat' dir='ltr'><strong>actio</strong></span> <span class='ocrx_word' id='word_1_181' title='bbox 790 1887 866 1944; x_wconf 87' lang='lat' dir='ltr'><strong>nulla</strong></span> <span class='ocrx_word' id='word_1_182' title='bbox 885 1887 1025 1946; x_wconf 86' lang='lat' dir='ltr'><strong>nascitur:</strong></span> <span class='ocrx_word' id='word_1_183' title='bbox 1056 1906 1184 1964; x_wconf 87' lang='lat' dir='ltr'><strong>namque</strong></span> 
     </span>
     <span class='ocr_line' id='line_1_23' title="bbox 206 1960 1182 2050; baseline -0.003 -30"><span class='ocrx_word' id='word_1_184' title='bbox 206 1962 280 2020; x_wconf 85' lang='lat' dir='ltr'><strong>inter</strong></span> <span class='ocrx_word' id='word_1_185' title='bbox 305 1960 449 2018; x_wconf 88' lang='lat' dir='ltr'><strong>dominum</strong></span> <span class='ocrx_word' id='word_1_186' title='bbox 474 1973 609 2037; x_wconf 81' lang='lat' dir='ltr'><strong>etcum,</strong></span> <span class='ocrx_word' id='word_1_187' title='bbox 636 1960 684 2050; x_wconf 92' lang='lat' dir='ltr'><strong>qui</strong></span> <span class='ocrx_word' id='word_1_188' title='bbox 712 1960 740 2020; x_wconf 87' lang='lat' dir='ltr'><strong>in</strong></span> <span class='ocrx_word' id='word_1_189' title='bbox 765 1960 826 2018; x_wconf 83' lang='lat' dir='ltr'><strong>eius</strong></span> <span class='ocrx_word' id='word_1_190' title='bbox 851 1971 993 2036; x_wconf 85' lang='lat' dir='ltr'><strong>potestate</strong></span> <span class='ocrx_word' id='word_1_191' title='bbox 1010 1971 1074 2034; x_wconf 88' lang='lat' dir='ltr'><strong>est,</strong></span> <span class='ocrx_word' id='word_1_192' title='bbox 1101 1963 1182 2018; x_wconf 81' lang='lat' dir='ltr'><strong>nulla</strong></span> 
     </span>
     <span class='ocr_line' id='line_1_24' title="bbox 208 2033 1181 2112; baseline 0 -19"><span class='ocrx_word' id='word_1_193' title='bbox 208 2037 341 2112; x_wconf 83' lang='lat' dir='ltr'><strong>obligatio</strong></span> <span class='ocrx_word' id='word_1_194' title='bbox 361 2033 475 2112; x_wconf 67' lang='lat' dir='ltr'><strong>naum)</strong></span> <span class='ocrx_word' id='word_1_195' title='bbox 505 2047 608 2111; x_wconf 89' lang='lat' dir='ltr'><strong>potest.</strong></span> <span class='ocrx_word' id='word_1_196' title='bbox 646 2034 831 2112; x_wconf 72' lang='lat' dir='ltr'><strong>ideumaei,</strong></span> <span class='ocrx_word' id='word_1_197' title='bbox 857 2035 880 2092; x_wconf 90' lang='lat' dir='ltr'><strong>si</strong></span> <span class='ocrx_word' id='word_1_198' title='bbox 900 2035 928 2092; x_wconf 89' lang='lat' dir='ltr'><strong>io</strong></span> <span class='ocrx_word' id='word_1_199' title='bbox 948 2035 1074 2092; x_wconf 85' lang='lat' dir='ltr'><strong>alienam</strong></span> <span class='ocrx_word' id='word_1_200' title='bbox 1096 2047 1181 2110; x_wconf 89' lang='lat' dir='ltr'><strong>pote·</strong></span> 
     </span>
     <span class='ocr_line' id='line_1_25' title="bbox 207 2107 1182 2186; baseline -0.003 -18"><span class='ocrx_word' id='word_1_201' title='bbox 207 2119 308 2168; x_wconf 87' lang='lat' dir='ltr'><strong>statem</strong></span> <span class='ocrx_word' id='word_1_202' title='bbox 335 2127 430 2167; x_wconf 78' lang='lat' dir='ltr'><strong>sertus</strong></span> <span class='ocrx_word' id='word_1_203' title='bbox 458 2110 633 2183; x_wconf 83' lang='lat' dir='ltr'><strong>pervenerit,</strong></span> <span class='ocrx_word' id='word_1_204' title='bbox 665 2117 714 2165; x_wconf 90' lang='lat' dir='ltr'><strong>aut</strong></span> <span class='ocrx_word' id='word_1_205' title='bbox 738 2108 923 2164; x_wconf 86' lang='lat' dir='ltr'><strong>manumissus</strong></span> <span class='ocrx_word' id='word_1_206' title='bbox 947 2107 1056 2182; x_wconf 87' lang='lat' dir='ltr'><strong>suerit,</strong></span> <span class='ocrx_word' id='word_1_207' title='bbox 1087 2128 1182 2186; x_wconf 86' lang='lat' dir='ltr'><strong>oeque</strong></span> 
     </span>
     <span class='ocr_line' id='line_1_26' title="bbox 208 2182 1181 2260; baseline -0.004 -19"><span class='ocrx_word' id='word_1_208' title='bbox 208 2203 271 2241; x_wconf 91' lang='lat' dir='ltr'><strong>cum</strong></span> <span class='ocrx_word' id='word_1_209' title='bbox 290 2185 369 2259; x_wconf 86' lang='lat' dir='ltr'><strong>ipso,</strong></span> <span class='ocrx_word' id='word_1_210' title='bbox 388 2201 481 2260; x_wconf 88' lang='lat' dir='ltr'><strong>neque</strong></span> <span class='ocrx_word' id='word_1_211' title='bbox 501 2203 565 2240; x_wconf 90' lang='lat' dir='ltr'><strong>cum</strong></span> <span class='ocrx_word' id='word_1_212' title='bbox 584 2201 636 2255; x_wconf 89' lang='lat' dir='ltr'><strong>eo,</strong></span> <span class='ocrx_word' id='word_1_213' title='bbox 656 2182 734 2241; x_wconf 88' lang='lat' dir='ltr'><strong>cuius</strong></span> <span class='ocrx_word' id='word_1_214' title='bbox 755 2200 828 2238; x_wconf 89' lang='lat' dir='ltr'><strong>nunc</strong></span> <span class='ocrx_word' id='word_1_215' title='bbox 847 2183 874 2238; x_wconf 89' lang='lat' dir='ltr'><strong>in</strong></span> <span class='ocrx_word' id='word_1_216' title='bbox 916 2193 1037 2240; x_wconf 87' lang='lat' dir='ltr'><strong>otestate</strong></span> <span class='ocrx_word' id='word_1_217' title='bbox 1059 2183 1113 2255; x_wconf 84' lang='lat' dir='ltr'><strong>sit,</strong></span> <span class='ocrx_word' id='word_1_218' title='bbox 1136 2185 1181 2259; x_wconf 81' lang='lat' dir='ltr'><strong>agi</strong></span> 
     </span>
     <span class='ocr_line' id='line_1_27' title="bbox 207 2199 1179 2345; baseline -0.002 -31"><span class='ocrx_word' id='word_1_219' title='bbox 207 2268 308 2345; x_wconf 90' lang='lat' dir='ltr'><strong>potest.</strong></span> <span class='ocrx_word' id='word_1_220' title='bbox 346 2256 439 2331; x_wconf 90' lang='lat' dir='ltr'><strong>unde,</strong></span> <span class='ocrx_word' id='word_1_221' title='bbox 459 2256 482 2314; x_wconf 92' lang='lat' dir='ltr'><strong>si</strong></span> <span class='ocrx_word' id='word_1_222' title='bbox 502 2257 608 2315; x_wconf 83' lang='lat' dir='ltr'><strong>atieous</strong></span> <span class='ocrx_word' id='word_1_223' title='bbox 625 2273 721 2312; x_wconf 79' lang='lat' dir='ltr'><strong>servus</strong></span> <span class='ocrx_word' id='word_1_224' title='bbox 740 2257 854 2313; x_wconf 86' lang='lat' dir='ltr'><strong>noxiam</strong></span> <span class='ocrx_word' id='word_1_225' title='bbox 873 2199 923 2312; x_wconf 62' lang='lat' dir='ltr'><strong>tiit</strong></span> <span class='ocrx_word' id='word_1_226' title='bbox 940 2257 1134 2329; x_wconf 86' lang='lat' dir='ltr'><strong>commiserit,</strong></span> <span class='ocrx_word' id='word_1_227' title='bbox 1153 2270 1179 2314; x_wconf 88' lang='lat' dir='ltr'><strong>et</strong></span> 
     </span>
     <span class='ocr_line' id='line_1_28' title="bbox 207 2329 1178 2419; baseline 0 -31"><span class='ocrx_word' id='word_1_228' title='bbox 207 2349 231 2388; x_wconf 87' lang='lat' dir='ltr'><strong>rs</strong></span> <span class='ocrx_word' id='word_1_229' title='bbox 249 2341 350 2419; x_wconf 87' lang='lat' dir='ltr'><strong>postea</strong></span> <span class='ocrx_word' id='word_1_230' title='bbox 370 2332 407 2388; x_wconf 85' lang='lat' dir='ltr'><strong>in</strong></span> <span class='ocrx_word' id='word_1_231' title='bbox 419 2342 559 2405; x_wconf 86' lang='lat' dir='ltr'><strong>potestate</strong></span> <span class='ocrx_word' id='word_1_232' title='bbox 578 2340 627 2388; x_wconf 91' lang='lat' dir='ltr'><strong>tua</strong></span> <span class='ocrx_word' id='word_1_233' title='bbox 646 2347 706 2387; x_wconf 90' lang='lat' dir='ltr'><strong>esse</strong></span> <span class='ocrx_word' id='word_1_234' title='bbox 722 2330 863 2405; x_wconf 86' lang='lat' dir='ltr'><strong>coeperit,</strong></span> <span class='ocrx_word' id='word_1_235' title='bbox 890 2329 1064 2404; x_wconf 74' lang='lat' dir='ltr'><strong>inteutans)</strong></span> <span class='ocrx_word' id='word_1_236' title='bbox 1088 2333 1178 2403; x_wconf 83' lang='lat' dir='ltr'><strong>actio,</strong></span> 
     </span>
     <span class='ocr_line' id='line_1_29' title="bbox 208 2403 1178 2481; baseline 0 -21"><span class='ocrx_word' id='word_1_237' title='bbox 208 2422 275 2480; x_wconf 85' lang='lat' dir='ltr'><strong>qum</strong></span> <span class='ocrx_word' id='word_1_238' title='bbox 294 2404 323 2460; x_wconf 90' lang='lat' dir='ltr'><strong>in</strong></span> <span class='ocrx_word' id='word_1_239' title='bbox 343 2422 408 2460; x_wconf 90' lang='lat' dir='ltr'><strong>enm</strong></span> <span class='ocrx_word' id='word_1_240' title='bbox 428 2423 522 2462; x_wconf 87' lang='lat' dir='ltr'><strong>casum</strong></span> <span class='ocrx_word' id='word_1_241' title='bbox 541 2405 662 2462; x_wconf 88' lang='lat' dir='ltr'><strong>deducta</strong></span> <span class='ocrx_word' id='word_1_242' title='bbox 679 2403 731 2474; x_wconf 88' lang='lat' dir='ltr'><strong>sit,</strong></span> <span class='ocrx_word' id='word_1_243' title='bbox 751 2405 778 2460; x_wconf 88' lang='lat' dir='ltr'><strong>in</strong></span> <span class='ocrx_word' id='word_1_244' title='bbox 800 2422 856 2480; x_wconf 90' lang='lat' dir='ltr'><strong>quo</strong></span> <span class='ocrx_word' id='word_1_245' title='bbox 875 2404 1027 2462; x_wconf 90' lang='lat' dir='ltr'><strong>consistere</strong></span> <span class='ocrx_word' id='word_1_246' title='bbox 1047 2423 1107 2461; x_wconf 87' lang='lat' dir='ltr'><strong>non</strong></span> <span class='ocrx_word' id='word_1_247' title='bbox 1125 2424 1178 2481; x_wconf 89' lang='lat' dir='ltr'><strong>po·</strong></span> 
     </span>
     <span class='ocr_line' id='line_1_30' title="bbox 207 2477 1178 2554; baseline 0 -20"><span class='ocrx_word' id='word_1_248' title='bbox 207 2477 310 2552; x_wconf 88' lang='lat' dir='ltr'><strong>tuerit;</strong></span> <span class='ocrx_word' id='word_1_249' title='bbox 336 2477 476 2552; x_wconf 85' lang='lat' dir='ltr'><strong>ideoque,</strong></span> <span class='ocrx_word' id='word_1_250' title='bbox 500 2478 564 2535; x_wconf 86' lang='lat' dir='ltr'><strong>iicet</strong></span> <span class='ocrx_word' id='word_1_251' title='bbox 587 2477 687 2534; x_wconf 82' lang='lat' dir='ltr'><strong>exierit</strong></span> <span class='ocrx_word' id='word_1_252' title='bbox 708 2477 744 2534; x_wconf 88' lang='lat' dir='ltr'><strong>de</strong></span> <span class='ocrx_word' id='word_1_253' title='bbox 763 2486 812 2534; x_wconf 87' lang='lat' dir='ltr'><strong>tua</strong></span> <span class='ocrx_word' id='word_1_254' title='bbox 832 2488 988 2552; x_wconf 85' lang='lat' dir='ltr'><strong>potestate,</strong></span> <span class='ocrx_word' id='word_1_255' title='bbox 1011 2497 1102 2554; x_wconf 65' lang='lat' dir='ltr'><strong>egere</strong></span> <span class='ocrx_word' id='word_1_256' title='bbox 1122 2497 1178 2535; x_wconf 89' lang='lat' dir='ltr'><strong>non</strong></span> 
     </span>
     <span class='ocr_line' id='line_1_31' title="bbox 208 2550 1176 2628; baseline 0.002 -22"><span class='ocrx_word' id='word_1_257' title='bbox 208 2560 311 2626; x_wconf 84' lang='lat' dir='ltr'><strong>potes,</strong></span> <span class='ocrx_word' id='word_1_258' title='bbox 332 2551 589 2626; x_wconf 86' lang='lat' dir='ltr'><strong>quemadmodum,</strong></span> <span class='ocrx_word' id='word_1_259' title='bbox 607 2551 629 2607; x_wconf 90' lang='lat' dir='ltr'><strong>si</strong></span> <span class='ocrx_word' id='word_1_260' title='bbox 649 2550 778 2608; x_wconf 86' lang='lat' dir='ltr'><strong>dominus</strong></span> <span class='ocrx_word' id='word_1_261' title='bbox 797 2552 825 2608; x_wconf 89' lang='lat' dir='ltr'><strong>in</strong></span> <span class='ocrx_word' id='word_1_262' title='bbox 846 2569 955 2608; x_wconf 85' lang='lat' dir='ltr'><strong>serrum</strong></span> <span class='ocrx_word' id='word_1_263' title='bbox 970 2571 1051 2610; x_wconf 88' lang='lat' dir='ltr'><strong>suum</strong></span> <span class='ocrx_word' id='word_1_264' title='bbox 1071 2552 1176 2628; x_wconf 84' lang='lat' dir='ltr'><strong>aliquid</strong></span> 
     </span>
     <span class='ocr_line' id='line_1_32' title="bbox 207 2625 1177 2698; baseline 0.001 -16"><span class='ocrx_word' id='word_1_265' title='bbox 207 2625 394 2694; x_wconf 89' lang='lat' dir='ltr'><strong>commiserit,</strong></span> <span class='ocrx_word' id='word_1_266' title='bbox 413 2643 481 2698; x_wconf 89' lang='lat' dir='ltr'><strong>nec,</strong></span> <span class='ocrx_word' id='word_1_267' title='bbox 501 2625 524 2683; x_wconf 89' lang='lat' dir='ltr'><strong>si</strong></span> <span class='ocrx_word' id='word_1_268' title='bbox 543 2625 727 2682; x_wconf 87' lang='lat' dir='ltr'><strong>manumissus</strong></span> <span class='ocrx_word' id='word_1_269' title='bbox 746 2625 790 2683; x_wconf 85' lang='lat' dir='ltr'><strong>rei</strong></span> <span class='ocrx_word' id='word_1_270' title='bbox 809 2625 947 2683; x_wconf 86' lang='lat' dir='ltr'><strong>alienatur</strong></span> <span class='ocrx_word' id='word_1_271' title='bbox 966 2626 1054 2685; x_wconf 81' lang='lat' dir='ltr'><strong>fuerit</strong></span> <span class='ocrx_word' id='word_1_272' title='bbox 1070 2645 1177 2698; x_wconf 82' lang='lat' dir='ltr'><strong>servus,</strong></span> 
     </span>
     <span class='ocr_line' id='line_1_33' title="bbox 177 2698 1175 2774; baseline 0.001 -18"><span class='ocrx_word' id='word_1_273' title='bbox 177 2698 291 2756; x_wconf 69' lang='lat' dir='ltr'><strong>sullam</strong></span> <span class='ocrx_word' id='word_1_274' title='bbox 319 2700 459 2757; x_wconf 87' lang='lat' dir='ltr'><strong>actionem</strong></span> <span class='ocrx_word' id='word_1_275' title='bbox 486 2711 584 2757; x_wconf 88' lang='lat' dir='ltr'><strong>contra</strong></span> <span class='ocrx_word' id='word_1_276' title='bbox 610 2698 753 2755; x_wconf 90' lang='lat' dir='ltr'><strong>dominum</strong></span> <span class='ocrx_word' id='word_1_277' title='bbox 782 2699 887 2757; x_wconf 88' lang='lat' dir='ltr'><strong>habere</strong></span> <span class='ocrx_word' id='word_1_278' title='bbox 920 2703 1064 2774; x_wconf 79' lang='lat' dir='ltr'><strong>potest⁹).</strong></span> <span class='ocrx_word' id='word_1_279' title='bbox 1117 2699 1175 2758; x_wconf 88' lang='lat' dir='ltr'><strong>Sed</strong></span> 
     </span>
     <span class='ocr_line' id='line_1_34' title="bbox 207 2772 1174 2850; baseline 0 -20"><span class='ocrx_word' id='word_1_280' title='bbox 207 2781 317 2831; x_wconf 75' lang='lat' dir='ltr'><strong>veteres</strong></span> <span class='ocrx_word' id='word_1_281' title='bbox 341 2773 455 2850; x_wconf 89' lang='lat' dir='ltr'><strong>quidem</strong></span> <span class='ocrx_word' id='word_1_282' title='bbox 475 2773 546 2832; x_wconf 88' lang='lat' dir='ltr'><strong>haec</strong></span> <span class='ocrx_word' id='word_1_283' title='bbox 567 2782 596 2831; x_wconf 91' lang='lat' dir='ltr'><strong>et</strong></span> <span class='ocrx_word' id='word_1_284' title='bbox 614 2774 642 2829; x_wconf 89' lang='lat' dir='ltr'><strong>in</strong></span> <span class='ocrx_word' id='word_1_285' title='bbox 662 2772 844 2830; x_wconf 84' lang='lat' dir='ltr'><strong>fiiiissamiiias</strong></span> <span class='ocrx_word' id='word_1_286' title='bbox 864 2773 993 2831; x_wconf 87' lang='lat' dir='ltr'><strong>masculis</strong></span> <span class='ocrx_word' id='word_1_287' title='bbox 1015 2784 1043 2830; x_wconf 87' lang='lat' dir='ltr'><strong>et</strong></span> <span class='ocrx_word' id='word_1_288' title='bbox 1062 2773 1174 2831; x_wconf 84' lang='lat' dir='ltr'><strong>feminis</strong></span> 
     </span>
     <span class='ocr_line' id='line_1_35' title="bbox 208 2845 1173 2906; baseline -0.001 -2"><span class='ocrx_word' id='word_1_289' title='bbox 208 2847 390 2906; x_wconf 87' lang='lat' dir='ltr'><strong>admiserunt.</strong></span> <span class='ocrx_word' id='word_1_290' title='bbox 427 2847 510 2906; x_wconf 86' lang='lat' dir='ltr'><strong>Nora</strong></span> <span class='ocrx_word' id='word_1_291' title='bbox 536 2858 629 2905; x_wconf 89' lang='lat' dir='ltr'><strong>autem</strong></span> <span class='ocrx_word' id='word_1_292' title='bbox 651 2845 796 2904; x_wconf 88' lang='lat' dir='ltr'><strong>hominum</strong></span> <span class='ocrx_word' id='word_1_293' title='bbox 819 2849 994 2904; x_wconf 82' lang='lat' dir='ltr'><strong>conversatio</strong></span> <span class='ocrx_word' id='word_1_294' title='bbox 1014 2848 1173 2905; x_wconf 87' lang='lat' dir='ltr'><strong>huiusmodi</strong></span> 
     </span>
     <span class='ocr_line' id='line_1_36' title="bbox 207 2920 1173 2998; baseline -0.001 -20"><span class='ocrx_word' id='word_1_295' title='bbox 207 2921 388 2998; x_wconf 86' lang='lat' dir='ltr'><strong>asperitatem</strong></span> <span class='ocrx_word' id='word_1_296' title='bbox 411 2933 487 2979; x_wconf 89' lang='lat' dir='ltr'><strong>recte</strong></span> <span class='ocrx_word' id='word_1_297' title='bbox 505 2920 692 2996; x_wconf 88' lang='lat' dir='ltr'><strong>respuendam</strong></span> <span class='ocrx_word' id='word_1_298' title='bbox 713 2939 774 2978; x_wconf 84' lang='lat' dir='ltr'><strong>esse</strong></span> <span class='ocrx_word' id='word_1_299' title='bbox 800 2922 985 2993; x_wconf 80' lang='lat' dir='ltr'><strong>existimarit,</strong></span> <span class='ocrx_word' id='word_1_300' title='bbox 1010 2931 1040 2978; x_wconf 91' lang='lat' dir='ltr'><strong>et</strong></span> <span class='ocrx_word' id='word_1_301' title='bbox 1064 2923 1101 2978; x_wconf 89' lang='lat' dir='ltr'><strong>ab</strong></span> <span class='ocrx_word' id='word_1_302' title='bbox 1124 2941 1173 2978; x_wconf 86' lang='lat' dir='ltr'><strong>usn</strong></span> 
     </span>
     <span class='ocr_line' id='line_1_37' title="bbox 206 2993 1173 3070; baseline 0.001 -20"><span class='ocrx_word' id='word_1_303' title='bbox 206 2996 348 3051; x_wconf 88' lang='lat' dir='ltr'><strong>communi</strong></span> <span class='ocrx_word' id='word_1_304' title='bbox 366 2993 472 3070; x_wconf 71' lang='lat' dir='ltr'><strong>haece)</strong></span> <span class='ocrx_word' id='word_1_305' title='bbox 494 2997 604 3070; x_wconf 89' lang='lat' dir='ltr'><strong>penitus</strong></span> <span class='ocrx_word' id='word_1_306' title='bbox 617 2995 746 3052; x_wconf 83' lang='lat' dir='ltr'><strong>recessit:</strong></span> <span class='ocrx_word' id='word_1_307' title='bbox 766 2995 828 3070; x_wconf 92' lang='lat' dir='ltr'><strong>quis</strong></span> <span class='ocrx_word' id='word_1_308' title='bbox 843 2997 915 3052; x_wconf 88' lang='lat' dir='ltr'><strong>enim</strong></span> <span class='ocrx_word' id='word_1_309' title='bbox 929 2995 1067 3070; x_wconf 82' lang='lat' dir='ltr'><strong>patietur,</strong></span> <span class='ocrx_word' id='word_1_310' title='bbox 1087 2995 1173 3054; x_wconf 81' lang='lat' dir='ltr'><strong>filium</strong></span> 
     </span>
     <span class='ocr_line' id='line_1_38' title="bbox 205 3068 1174 3144; baseline 0.001 -21"><span class='ocrx_word' id='word_1_311' title='bbox 205 3083 288 3123; x_wconf 88' lang='lat' dir='ltr'><strong>suum</strong></span> <span class='ocrx_word' id='word_1_312' title='bbox 314 3077 345 3124; x_wconf 90' lang='lat' dir='ltr'><strong>et</strong></span> <span class='ocrx_word' id='word_1_313' title='bbox 372 3069 494 3125; x_wconf 84' lang='lat' dir='ltr'><strong>maxime</strong></span> <span class='ocrx_word' id='word_1_314' title='bbox 518 3068 602 3124; x_wconf 81' lang='lat' dir='ltr'><strong>filiam</strong></span> <span class='ocrx_word' id='word_1_315' title='bbox 627 3068 655 3124; x_wconf 90' lang='lat' dir='ltr'><strong>iu</strong></span> <span class='ocrx_word' id='word_1_316' title='bbox 683 3087 786 3125; x_wconf 85' lang='lat' dir='ltr'><strong>noxam</strong></span> <span class='ocrx_word' id='word_1_317' title='bbox 806 3069 852 3125; x_wconf 89' lang='lat' dir='ltr'><strong>alii</strong></span> <span class='ocrx_word' id='word_1_318' title='bbox 871 3069 956 3143; x_wconf 88' lang='lat' dir='ltr'><strong>dare,</strong></span> <span class='ocrx_word' id='word_1_319' title='bbox 978 3079 1009 3126; x_wconf 91' lang='lat' dir='ltr'><strong>ut</strong></span> <span class='ocrx_word' id='word_1_320' title='bbox 1026 3087 1103 3144; x_wconf 88' lang='lat' dir='ltr'><strong>pene</strong></span> <span class='ocrx_word' id='word_1_321' title='bbox 1123 3087 1174 3143; x_wconf 89' lang='lat' dir='ltr'><strong>per</strong></span> 
     </span>
     <span class='ocr_line' id='line_1_39' title="bbox 206 3141 1172 3218; baseline 0.001 -21"><span class='ocrx_word' id='word_1_322' title='bbox 206 3141 347 3214; x_wconf 68' lang='lat' dir='ltr'><strong>cot-pust)</strong></span> <span class='ocrx_word' id='word_1_323' title='bbox 380 3149 460 3214; x_wconf 91' lang='lat' dir='ltr'><strong>pater</strong></span> <span class='ocrx_word' id='word_1_324' title='bbox 486 3142 590 3218; x_wconf 84' lang='lat' dir='ltr'><strong>magis,</strong></span> <span class='ocrx_word' id='word_1_325' title='bbox 622 3159 705 3218; x_wconf 86' lang='lat' dir='ltr'><strong>quam</strong></span> <span class='ocrx_word' id='word_1_326' title='bbox 732 3141 805 3199; x_wconf 79' lang='lat' dir='ltr'><strong>filius</strong></span> <span class='ocrx_word' id='word_1_327' title='bbox 828 3143 1023 3218; x_wconf 86' lang='lat' dir='ltr'><strong>periclitetur,</strong></span> <span class='ocrx_word' id='word_1_328' title='bbox 1055 3161 1119 3200; x_wconf 88' lang='lat' dir='ltr'><strong>cum</strong></span> <span class='ocrx_word' id='word_1_329' title='bbox 1144 3145 1172 3199; x_wconf 90' lang='lat' dir='ltr'><strong>iu</strong></span> 
     </span>
    </p>
   </div>
   <div class='ocr_carea' id='block_1_3' title="bbox 204 3315 1172 3431">
    <p class='ocr_par' dir='ltr' id='par_1_4' title="bbox 204 3315 1172 3431">
     <span class='ocr_line' id='line_1_40' title="bbox 262 3315 1172 3370; baseline 0.002 -10"><span class='ocrx_word' id='word_1_330' title='bbox 262 3317 287 3368; x_wconf 85' lang='lat' dir='ltr'><strong>b)</strong></span> <span class='ocrx_word' id='word_1_331' title='bbox 302 3327 323 3362; x_wconf 82' lang='lat' dir='ltr'><strong>s.</strong></span> <span class='ocrx_word' id='word_1_332' title='bbox 337 3327 427 3363; x_wconf 73' lang='lat' dir='ltr'><strong>smus.</strong></span> <span class='ocrx_word' id='word_1_333' title='bbox 443 3339 471 3350; x_wconf 91' lang='lat'><em>-</em></span> <span class='ocrx_word' id='word_1_334' title='bbox 500 3319 521 3369; x_wconf 87' lang='lat' dir='ltr'><strong>c)</strong></span> <span class='ocrx_word' id='word_1_335' title='bbox 536 3327 631 3362; x_wconf 74' lang='lat' dir='ltr'><strong>norunt.</strong></span> <span class='ocrx_word' id='word_1_336' title='bbox 646 3341 674 3350; x_wconf 99' lang='lat'>-</span> <span class='ocrx_word' id='word_1_337' title='bbox 703 3317 728 3369; x_wconf 85' lang='lat' dir='ltr'><strong>d)</strong></span> <span class='ocrx_word' id='word_1_338' title='bbox 744 3317 775 3362; x_wconf 85' lang='lat' dir='ltr'><strong>ut.</strong></span> <span class='ocrx_word' id='word_1_339' title='bbox 791 3337 818 3350; x_wconf 92' lang='lat'><strong>-·</strong></span> <span class='ocrx_word' id='word_1_340' title='bbox 848 3319 870 3370; x_wconf 81' lang='lat' dir='ltr'><strong>e)</strong></span> <span class='ocrx_word' id='word_1_341' title='bbox 886 3325 944 3364; x_wconf 82' lang='lat' dir='ltr'><strong>csse.</strong></span> <span class='ocrx_word' id='word_1_342' title='bbox 960 3338 989 3350; x_wconf 91' lang='lat'>-</span> <span class='ocrx_word' id='word_1_343' title='bbox 1017 3315 1172 3370; x_wconf 71' lang='lat' dir='ltr'><strong>otatarctdt·</strong></span> 
     </span>
     <span class='ocr_line' id='line_1_41' title="bbox 204 3373 920 3431; baseline 0 -13"><span class='ocrx_word' id='word_1_344' title='bbox 204 3373 260 3430; x_wconf 73' lang='lat' dir='ltr'><strong>tarr,</strong></span> <span class='ocrx_word' id='word_1_345' title='bbox 274 3373 436 3431; x_wconf 67' lang='lat' dir='ltr'><strong>areauna,-</strong></span> <span class='ocrx_word' id='word_1_346' title='bbox 450 3373 574 3419; x_wconf 75' lang='lat' dir='ltr'><strong>tnterdtctt</strong></span> <span class='ocrx_word' id='word_1_347' title='bbox 589 3394 617 3406; x_wconf 91' lang='lat'>-</span> <span class='ocrx_word' id='word_1_348' title='bbox 646 3376 670 3428; x_wconf 74' lang='lat' dir='ltr'><strong>g)</strong></span> <span class='ocrx_word' id='word_1_349' title='bbox 683 3375 733 3418; x_wconf 78' lang='lat' dir='ltr'><strong>troc.</strong></span> <span class='ocrx_word' id='word_1_350' title='bbox 748 3395 776 3406; x_wconf 90' lang='lat'><strong>-</strong></span> <span class='ocrx_word' id='word_1_351' title='bbox 803 3375 829 3426; x_wconf 82' lang='lat' dir='ltr'><strong>lt)</strong></span> <span class='ocrx_word' id='word_1_352' title='bbox 841 3375 886 3430; x_wconf 74' lang='lat' dir='ltr'><strong>ttts&#39;t</strong></span> <span class='ocrx_word' id='word_1_353' title='bbox 899 3385 920 3418; x_wconf 88' lang='lat' dir='ltr'><strong>c.</strong></span> 
     </span>
    </p>
   </div>
   <div class='ocr_carea' id='block_1_4' title="bbox 204 3493 1169 3778">
    <p class='ocr_par' dir='ltr' id='par_1_5' title="bbox 204 3493 1169 3778">
     <span class='ocr_line' id='line_1_42' title="bbox 223 3493 1169 3562; baseline 0.008 -23"><span class='ocrx_word' id='word_1_354' title='bbox 223 3493 305 3562; x_wconf 53' lang='lat' dir='ltr'><strong>fin.</strong></span> <span class='ocrx_word' id='word_1_355' title='bbox 323 3498 347 3542; x_wconf 84' lang='lat' dir='ltr'><strong>tr.</strong></span> <span class='ocrx_word' id='word_1_356' title='bbox 367 3497 383 3542; x_wconf 89' lang='lat' dir='ltr'><strong>t.</strong></span> <span class='ocrx_word' id='word_1_357' title='bbox 400 3497 423 3543; x_wconf 63' lang='grc' dir='ltr'><strong>ἵ.</strong></span> <span class='ocrx_word' id='word_1_358' title='bbox 443 3507 480 3552; x_wconf 87' lang='lat' dir='ltr'><strong>pr.</strong></span> <span class='ocrx_word' id='word_1_359' title='bbox 502 3519 531 3530; x_wconf 94' lang='lat'><em>-</em></span> <span class='ocrx_word' id='word_1_360' title='bbox 558 3497 672 3552; x_wconf 75' lang='lat' dir='ltr'><strong>ntPapt-</strong></span> <span class='ocrx_word' id='word_1_361' title='bbox 705 3499 853 3552; x_wconf 72' lang='lat' dir='ltr'><strong>comminui.</strong></span> <span class='ocrx_word' id='word_1_362' title='bbox 869 3501 891 3556; x_wconf 88' lang='lat' dir='ltr'><strong>l,</strong></span> <span class='ocrx_word' id='word_1_363' title='bbox 909 3499 947 3546; x_wconf 83' lang='lat' dir='ltr'><strong>ta.</strong></span> <span class='ocrx_word' id='word_1_364' title='bbox 962 3499 987 3555; x_wconf 71' lang='lat' dir='ltr'><strong>s,</strong></span> <span class='ocrx_word' id='word_1_365' title='bbox 1004 3502 1024 3546; x_wconf 80' lang='lat' dir='ltr'><strong>i.</strong></span> <span class='ocrx_word' id='word_1_366' title='bbox 1044 3523 1072 3536; x_wconf 90' lang='lat'>-</span> <span class='ocrx_word' id='word_1_367' title='bbox 1100 3503 1124 3555; x_wconf 79' lang='lat'><strong>8)</strong></span> <span class='ocrx_word' id='word_1_368' title='bbox 1139 3505 1169 3548; x_wconf 82' lang='lat'><strong>1).</strong></span> 
     </span>
     <span class='ocr_line' id='line_1_43' title="bbox 205 3551 1169 3616; baseline 0.008 -21"><span class='ocrx_word' id='word_1_369' title='bbox 205 3561 293 3596; x_wconf 82' lang='lat' dir='ltr'><strong>trtanns</strong></span> <span class='ocrx_word' id='word_1_370' title='bbox 306 3551 671 3606; x_wconf 70' lang='lat' dir='ltr'><strong>incunentcgarrosetrton.</strong></span> <span class='ocrx_word' id='word_1_371' title='bbox 705 3558 727 3599; x_wconf 86' lang='lat' dir='ltr'><strong>tt.</strong></span> <span class='ocrx_word' id='word_1_372' title='bbox 743 3556 789 3600; x_wconf 81' lang='lat' dir='ltr'><strong>tr.</strong></span> <span class='ocrx_word' id='word_1_373' title='bbox 805 3555 843 3600; x_wconf 76' lang='lat'><strong>⁴2.</strong></span> <span class='ocrx_word' id='word_1_374' title='bbox 860 3557 930 3608; x_wconf 58' lang='lat' dir='ltr'><strong>m:</strong></span> <span class='ocrx_word' id='word_1_375' title='bbox 945 3556 975 3601; x_wconf 86' lang='lat' dir='ltr'><strong>de</strong></span> <span class='ocrx_word' id='word_1_376' title='bbox 990 3556 1060 3602; x_wconf 81' lang='lat' dir='ltr'><strong>turtts</strong></span> <span class='ocrx_word' id='word_1_377' title='bbox 1074 3558 1169 3616; x_wconf 78' lang='grc' dir='ltr'>ΧΙΝΙΙ,</span> 
     </span>
     <span class='ocr_line' id='line_1_44' title="bbox 205 3607 1169 3719; baseline 0.008 -13"><span class='ocrx_word' id='word_1_378' title='bbox 205 3607 342 3708; x_wconf 57' lang='lat'><strong>“1³:521</strong></span> <span class='ocrx_word' id='word_1_379' title='bbox 351 3611 492 3710; x_wconf 59' lang='lat' dir='ltr'><strong>{idriis</strong></span> <span class='ocrx_word' id='word_1_380' title='bbox 505 3611 531 3708; x_wconf 54' lang='grc' dir='ltr'><strong>’ὴ</strong></span> <span class='ocrx_word' id='word_1_381' title='bbox 543 3613 569 3711; x_wconf 67' lang='lat'><strong>⁵5</strong></span> <span class='ocrx_word' id='word_1_382' title='bbox 587 3613 623 3712; x_wconf 80' lang='lat' dir='ltr'><strong>t:</strong></span> <span class='ocrx_word' id='word_1_383' title='bbox 642 3611 672 3698; x_wconf 67' lang='lat'><strong>¹¹}</strong></span> <span class='ocrx_word' id='word_1_384' title='bbox 705 3613 831 3711; x_wconf 64' lang='lat'><strong>:2:¹⁸2</strong></span> <span class='ocrx_word' id='word_1_385' title='bbox 854 3612 1169 3719; x_wconf 70' lang='lat' dir='ltr'><strong>iid‘i·1⁹ii&#39;&#39;‘·&#39;d&#39;f¹⁶:</strong></span> 
     </span>
     <span class='ocr_line' id='line_1_45' title="bbox 204 3665 1154 3778; baseline 0.009 -16"><span class='ocrx_word' id='word_1_386' title='bbox 204 3665 541 3778; x_wconf 62' lang='lat' dir='ltr'><strong>3¹:⁸1⁸uerureiusonia&#39;.</strong></span> <span class='ocrx_word' id='word_1_387' title='bbox 558 3699 629 3776; x_wconf 58' lang='lat' dir='ltr'><strong>§.ni</strong></span> <span class='ocrx_word' id='word_1_388' title='bbox 642 3722 672 3765; x_wconf 71' lang='lat' dir='ltr'><strong>aa</strong></span> <span class='ocrx_word' id='word_1_389' title='bbox 705 3698 737 3766; x_wconf 79' lang='lat' dir='ltr'><strong>ri·</strong></span> <span class='ocrx_word' id='word_1_390' title='bbox 751 3700 845 3778; x_wconf 75' lang='lat' dir='ltr'><strong>xivn,</strong></span> <span class='ocrx_word' id='word_1_391' title='bbox 862 3725 884 3768; x_wconf 79' lang='lat' dir='ltr'><strong>r.</strong></span> <span class='ocrx_word' id='word_1_392' title='bbox 899 3701 922 3769; x_wconf 77' lang='grc' dir='ltr'><strong>ι’</strong></span> <span class='ocrx_word' id='word_1_393' title='bbox 933 3700 1060 3771; x_wconf 76' lang='lat' dir='ltr'><strong>rs‘..‘.ts.&#39;&#39;</strong></span> <span class='ocrx_word' id='word_1_394' title='bbox 1127 3681 1154 3715; x_wconf 56' lang='grc' dir='ltr'>Ἦ</span> 
     </span>
    </p>
   </div>
   <div class='ocr_carea' id='block_1_5' title="bbox 0 0 1262 4328">
    <p class='ocr_par' dir='ltr' id='par_1_6' title="bbox 0 0 1262 4328">
     <span class='ocr_line' id='line_1_46' title="bbox 0 0 1262 4328; baseline 0 2"><span class='ocrx_word' id='word_1_395' title='bbox 0 0 1262 4328; x_wconf 95' lang='lat' dir='ltr'><strong> </strong></span> 
     </span>
    </p>
   </div>
  </div>
 </body>
</html>
