2536 4334
538 373 559 420 V

53 559 145 622 quac
158 542 300 603 dicuntur
320 541 520 624 ingruente).
564 544 598 605 ld
613 553 716 606 eutem
737 552 862 627 practer
875 546 1033 630 vulgarem

52 661 153 704 usum
173 642 323 718 lecimus,
353 645 433 723 quod
454 650 544 705 notas
567 644 738 706 numerales
766 665 827 708 uon
849 652 969 708 tautum
990 649 1031 708 ad

51 743 156 804 linem
178 743 303 824 alicujus
325 744 403 819 loci,
433 746 610 819 commatis,
640 746 742 819 verbi,
772 747 826 808 sed
854 748 968 828 pessim
991 749 1028 808 od

50 844 184 904 initium
206 843 371 926 adjecimus
402 839 509 927 (veluti
524 847 550 920 l,
575 848 623 907 1⁶2.
647 845 717 926 §.ll
741 849 843 910 not.7.
867 845 1033 932 pag.25.)

50 945 103 1005 ita
129 949 165 1005 nt
183 943 243 1005 bne
256 951 350 1005 notre
363 945 403 1005 od
417 947 594 1025 sequentia,
617 945 796 1028 plerumque
818 953 919 1010 totum
940 967 1033 1029 pora·

49 1045 213 1126 grapbum
235 1045 285 1105 vel
304 1044 408 1125 plures
429 1047 654 1128 paragraphus,
681 1047 751 1110 illae
773 1068 862 1123 vero,
886 1069 924 1110 ex
946 1067 1034 1110 com-

51 1147 146 1208 muni
161 1163 233 1221 usu,
260 1146 299 1206 ad
322 1147 552 1222 antecedentis,
574 1147 753 1229 plerumque
774 1150 935 1230 pauciora,
958 1169 1032 1231 per·

49 1247 192 1308 tineant.
236 1247 300 1322 lte,
323 1247 391 1309 siue
404 1248 533 1310 chartae
547 1249 724 1328 dispendio,
747 1250 943 1312 obscuriores
965 1250 1033 1331 ple·

50 1367 177 1428 rosque
191 1348 275 1410 locos
290 1347 446 1411 illustrare
460 1349 640 1412 studuimus.

133 1500 219 1561 llaec
242 1499 311 1563 iere
332 1502 365 1564 iu
387 1501 530 1563 editionis
546 1502 680 1582 epitome
702 1502 875 1564 adornando
898 1505 1034 1583 praesti‘

51 1602 170 1675 timus,
199 1620 278 1682 qrroe
300 1602 331 1662 in
353 1602 507 1663 cotidiano
529 1603 636 1682 optimi
657 1603 917 1666 Justinienearum
940 1604 1032 1664 lusti·

53 1704 215 1763 tutionum
244 1701 338 1763 libelli
359 1723 416 1764 usu
444 1721 506 1764 non
530 1705 599 1763 sine
627 1702 731 1765 irrratu
760 1703 830 1766 l'ore
852 1723 1033 1786 speramusz

54 1805 210 1886 mojorem
234 1811 337 1863 autem
360 1804 525 1865 editionem
554 1803 613 1863 bac
636 1804 862 1884 compendiaria
885 1825 1032 1886 superra-

54 1924 190 1966 caneam
203 1904 291 1964 reddi
313 1903 402 1984 longe
417 1905 574 1977 absumus,
598 1905 671 1983 quin
686 1905 904 1966 existimemus.
949 1905 1035 1966 (lon-⁴

54 2009 144 2066 tinet
166 2005 246 2065 enim
269 2006 366 2085 major
387 2005 437 2064 illa
452 2005 546 2065 editio
562 2005 743 2065 variantium
765 2005 947 2080 lectionum,
969 2003 1033 2065 boc

54 2105 166 2169 libello
202 2113 319 2165 tantum
351 2104 569 2179 delibutarum,
606 2106 728 2187 plenum
757 2105 954 2181 thesaurum,
993 2125 1033 2167 en

56 2228 124 2288 quo
148 2205 213 2268 solo
228 2206 266 2265 de
288 2205 326 2264 iio
348 2213 436 2266 recte
452 2206 592 2288 judicare
614 2209 732 2286 possin
764 2215 856 2287 atque
877 2208 1031 2287 interpre-

55 2309 226 2379 tationem,
255 2305 341 2386 cujus
363 2307 529 2386 praecipue
552 2312 669 2367 tantum
690 2309 791 2388 capita
814 2309 865 2368 bic
888 2307 1031 2388 indigita·
1085 2338 1089 2342 ·

39 2410 177 2481 nimus,
206 2406 325 2486 plenam
347 2413 500 2487 praestat,
523 2409 567 2468 ite
586 2413 635 2483 ut,
658 2409 711 2488 qni
732 2409 820 2470 nobis
844 2409 970 2469 ducibus
993 2408 1034 2468 od

56 2509 321 2572 Justinianearom
335 2507 562 2569 institutionum
582 2509 750 2590 pleniorem
767 2508 957 2570 intellectum
980 2526 1031 2568 ca-

57 2610 205 2691 piendum
221 2610 263 2670 sit
278 2628 402 2683 rrsrrrns,
427 2629 463 2670 ea
478 2629 585 2671 cerere
600 2629 660 2670 non
674 2611 783 2690 possit.

135 2760 302 2841 Superest,
324 2765 358 2820 ut
376 2759 437 2821 boc
451 2780 544 2822 nuum
558 2780 751 2835 moneamus,
774 2759 1034 2840 compendiariam

59 2864 181 2934 boncce
205 2861 370 2921 editionem
398 2861 443 2920 ita
465 2861 534 2922 iere
556 2863 807 2923 considerandam
829 2880 915 2934 esec,
945 2861 1033 2939 qrraoi

60 2971 138 3024 aute
160 2961 218 3022 bos
239 2969 303 3022 tres
318 2980 412 3022 annos
434 2961 546 3041 publici
563 2963 643 3043 juria
667 2963 750 3023 facta
765 2964 823 3035 sit;
854 2961 934 3042 quod
951 2961 1033 3021 enim

60 3062 116 3123 lllo
140 3069 279 3142 tempore
301 3062 426 3141 majoris
450 3062 593 3123 editionis
614 3064 786 3144 exemplar,
810 3064 881 3124 huic
904 3061 1033 3123 editioni

62 3164 257 3242 adaptatum,
280 3161 417 3242 Lipsiam
439 3163 679 3237 transmisimus,
702 3165 733 3224 id
748 3184 827 3224 nuuc
848 3165 968 3224 demum
982 3180 1033 3222 re-

62 3263 218 3344 cepimus,
248 3283 317 3324 eum
339 3263 468 3343 integris
490 3263 587 3344 plagis
606 3265 638 3325 in
661 3284 713 3326 aes
736 3264 916 3337 transfusis,
939 3264 983 3322 ita
998 3270 1033 3322 ut

62 3383 159 3446 aegre
182 3364 254 3443 quid
274 3363 385 3424 morteri
408 3369 522 3444 posset.
566 3365 690 3427 Minora
711 3372 811 3427 tamen
831 3370 919 3437 sunt,
944 3380 1035 3442 quae,

62 3467 90 3527 si
106 3483 159 3526 res
178 3465 298 3544 integra
313 3469 413 3538 esset,
436 3465 528 3525 hodie
550 3473 753 3538 mutaremus,
776 3465 870 3526 veluti
886 3464 969 3525 circa
983 3482 1033 3524 or·

62 3565 299 3646 tbographiom,
322 3583 391 3626 cum
407 3567 472 3647 jam
492 3585 529 3626 ex
544 3568 683 3628 omnibus
705 3564 873 3626 uncialibus
887 3563 1033 3625 Justinio·

61 3685 192 3728 oeorum
229 3665 378 3727 librorum
406 3667 561 3729 codicibus
591 3670 674 3729 eirca
703 3685 771 3728 eam
799 3673 867 3727 rem
896 3664 1036 3728 excussio
