2520 4328
70 320 228 382 latemur.
250 317 934 403 Danaamurs.ara.lll,tt.(ta.)§.b-tt.
972 322 1042 388 129

68 477 263 542 testamento,
289 485 324 523 ex
344 488 399 544 quo
420 487 475 525 noa
496 469 589 525 aditur
605 468 764 540 hereditas,
790 470 874 526 velint
893 471 967 544 bona
985 472 1039 528 sibi

71 543 168 600 addici
188 542 356 614 libertatium
370 541 626 598 conservandarum
646 561 750 614 causa,
772 543 932 602 audiuntur.
952 547 1038 602 etita

70 617 210 690 'rescripto
228 615 284 686 diui
302 613 388 671 Marci
406 615 441 671 ad
459 615 596 689 Popilium
616 615 719 672 Rufum
739 617 905 675 continetur.
942 618 1065 675 Vertat

71 690 202 762 rescripti
222 689 260 744 ita
279 708 309 745 se
328 689 449 746 babent:
487 690 519 746 Si
538 691 659 762 Virpiaio
679 688 798 762 Vulcani,
818 693 863 767 qui
880 697 1038 750 testamento

68 780 125 824 etto
152 761 298 820 libertatem
328 761 484 838 ‹ptibtrsdam
508 763 668 838 adscripsit,
700 767 806 822 aomina
829 782 978 822 arcoeeaore
1004 764 1038 822 ab

72 838 200 894 intestato
224 838 371 910 maante,
399 839 428 892 ia
453 855 486 892 aa
503 854 585 894 cauea
603 835 672 894 bona
691 845 922 913 antecameram,
945 846 975 894 ut
991 857 1038 896 ue-

74 913 131 968 airi
150 909 276 966 debcant:
305 913 344 978 is,
371 913 446 970 arbre
469 909 502 966 de
520 927 553 966 ea
570 928 600 966 re
623 914 696 968 notio
718 919 774 983 ert,
800 911 891 980 aditur
907 914 1038 968 radonem

73 983 202 1040 desiderii
222 985 262 1039 tui
280 981 399 1052 tmteta,
424 988 454 1038 ut
478 981 650 1055 liberantium,
677 992 732 1042 tam
752 1003 860 1056 comita,
882 1003 950 1060 atrae
964 984 1039 1042 dira·

75 1065 136 1124 aa„
162 1075 243 1132 quum
266 1073 373 1126 eamrm,
407 1074 474 1131 attae
497 1075 546 1131 par
570 1060 682 1132 speciem
709 1055 907 1129 fideicommissi
931 1057 1041 1116 aeliotae

70 1137 154 1200 stant,
174 1128 333 1188 tuendarum
372 1133 458 1198 ratio,
480 1129 720 1201 auctoritatate,
744 1131 880 1188 didonm
899 1131 1039 1188 oreditori-

71 1203 126 1260 tos
146 1205 246 1261 caveris
268 1201 300 1258 de
321 1149 423 1271 solido,
478 1203 515 1260 od
535 1207 626 1277 ammte
649 1203 771 1273 debatur,
793 1203 925 1262 solvendo.
965 1212 991 1261 at
1010 1204 1039 1261 lti

74 1277 200 1353 atridem,
247 1273 313 1334 tibus
332 1277 433 1334 directa
445 1222 562 1346 libertas
582 1277 648 1334 data
663 1283 719 1346 eat,
739 1277 848 1352 periada
863 1277 937 1334 liberi
952 1285 1038 1350 aaut,

76 1354 135 1408 caci
155 1349 216 1406 ltere
236 1353 288 1407 itae
309 1350 383 1408 adita
403 1357 486 1421 essct3
514 1349 542 1406 bi
562 1357 665 1419 mrtem,
691 1368 756 1426 quoa
776 1349 851 1408 iteres
871 1358 980 1426 topatus
997 1359 1039 1408 est

77 1427 281 1491 manumittere,
308 1442 326 1482 a
353 1432 379 1480 te
403 1423 549 1480 libertatem
574 1431 781 1499 conceptorum,
809 1427 849 1482 ita
871 1433 920 1496 ut,v
940 1427 966 1482 ai
984 1442 1039 1481 aaa

78 1497 135 1555 alia
156 1497 307 1554 omtdiciona
332 1495 396 1554 velis
421 1495 489 1553 botta
514 1495 561 1554 tibi
585 1495 690 1568 addici,
748 1516 795 1554 am
819 1505 848 1554 at
872 1502 969 1570 diam,
993 1501 1040 1574 qtti

78 1569 180 1628 directo
199 1569 344 1627 libertatem
360 1576 530 1645 aeceperunt,
549 1573 590 1626 tui
608 1567 693 1627 liberti
744 1578 789 1626 at:
808 1590 871 1629 aura
884 1570 944 1629 baio
958 1574 1038 1628 etiam

57 1643 205 1702 uoluntati
231 1650 310 1711 ittae,
333 1647 358 1700 si
383 1643 427 1712 iti,
455 1642 487 1700 da
512 1660 623 1718 atrorum
639 1650 713 1700 statu
733 1648 837 1718 apium,
865 1647 1039 1717 consentiant,

78 1720 261 1775 cucumam
281 1724 401 1774 corbam
421 1715 683 1774 accommodavimus.
723 1725 765 1784 at,
789 1736 823 1773 aa
841 1717 919 1775 ltuiua
941 1722 1041 1778 rasori-

77 1793 177 1867 ptiottie
192 1833 195 1838 -
208 1797 316 1848 nostrae
349 1789 553 1850 emolumentum
580 1787 635 1846 alia
661 1793 764 1846 ratium
790 1793 896 1846 irritum
919 1789 987 1864 fiat,
1015 1795 1041 1848 si

79 1863 159 1936 fiante
175 1862 244 1921 bona
260 1880 402 1936 apaoeaere
417 1862 543 1931 calamit,
568 1869 595 1918 et
611 1860 657 1940 bi,
675 1865 721 1938 qtti
740 1861 816 1920 reios
835 1867 933 1922 amate
951 1872 1042 1922 atten-

80 1938 159 2007 dant,
192 1940 295 2009 scierit,
330 1935 466 1994 omnmodo
497 1938 650 2012 pertraimio
680 1935 885 2011 praeferendum
913 1935 1042 1994 libertatis

77 2017 204 2080 bactram,
233 2017 258 2066 et
284 2013 323 2068 ita
343 2009 411 2067 bonu
431 2008 564 2085 repanda,
592 2016 621 2064 at
642 2007 748 2067 libertae
765 2007 807 2066 bia
824 2008 899 2066 calva
917 2013 969 2083 sit,
995 2015 1042 2085 qui

79 2087 140 2141 iam
166 2083 280 2157 adipisci
301 2089 458 2160 potuerunt,
485 2079 546 2158 cil)
576 2081 709 2141 hereditas
729 2100 764 2140 ar
788 2090 950 2140 testamento
965 2083 1041 2142 adita

80 2164 155 2214 esset.
199 2157 261 2212 Hoc
281 2158 416 2232 rescripto
436 2157 600 2213 subventum
619 2165 662 2214 est
680 2167 708 2213 et
728 2156 917 2226 libertatibus,
939 2168 968 2214 et
987 2158 1070 2215 ded

80 2231 197 2304 iunctis,
223 2249 259 2286 nc
278 2232 352 2294 bona
370 2249 467 2287 eorum
487 2247 503 2286 a
522 2229 705 2287 creditoribus
729 2231 926 2304 possideantur
945 2241 973 2290 et
991 2249 1042 2289 re-

79 2313 175 2362 neaat.
203 2314 293 2377 certe,
313 2305 336 2360 si
354 2304 459 2362 suerint
476 2322 512 2360 ex
531 2302 586 2360 lrac
604 2321 689 2360 causa
709 2303 784 2360 bona
804 2303 931 2378 addicta,
951 2315 1042 2364 cessat

78 2381 218 2450 bonorum
239 2377 378 2438 venditio:
405 2378 496 2434 extitit
514 2378 588 2432 enim
609 2376 734 2433 defuncti
752 2376 900 2451 defensor,
928 2391 956 2436 et
976 2381 1041 2455 qui-

80 2453 145 2508 dem
170 2451 304 2525 idoneus,
331 2451 379 2526 qui
405 2451 441 2508 de
466 2449 555 2507 solido
579 2450 762 2508 creditoribus
785 2462 873 2508 cavet.
912 2452 1069 2528 Inprimisa

79 2523 135 2583 ltoo
158 2525 323 2600 rescriptum
349 2525 451 2582 totiens
476 2526 568 2580 locum
593 2524 696 2596 habet,
711 2525 855 2601 ·quotiens
871 2535 1040 2584 testamento

78 2601 222 2656 libertates
245 2599 330 2656 datae
349 2608 421 2655 suut.
460 2597 537 2666 Quid
553 2616 641 2685 crgo,
666 2599 690 2654 si
708 2600 770 2674 quis
789 2599 934 2658 intestatus
954 2600 1041 2658 dece-

79 2673 167 2745 dens,
187 2671 316 2729 codicillis
337 2671 479 2731 libertates
497 2670 623 2744 dedent,
650 2689 741 2758 neque
760 2673 837 2730 adita
855 2673 891 2730 ait
909 2675 945 2732 ab
967 2674 1042 2731 inte-

77 2753 154 2803 stato
181 2741 346 2802 hereditas‘l
372 2745 488 2816 faron)
516 2745 718 2801 constitutionrs
743 2745 856 2803 debebit
875 2745 966 2803 locum
986 2747 1040 2803 ba-

79 2811 158 2876 bere.
197 2827 289 2893 certe,
319 2819 342 2875 si
369 2828 485 2876 testatus
493 2813 521 2894 tl)
551 2817 688 2888 decedat,
720 2828 749 2874 et
774 2818 905 2876 codicillis
931 2819 1042 2877 dederit

79 2895 259 2962 libertatem,
287 2902 448 2968 competere
475 2907 537 2948 eam
563 2890 666 2948 nemini
690 2890 805 2948 dubium
826 2899 878 2949 est.
922 2889 1070 2970 Tunc·)a

80 2965 271 3025 constitutioni
296 2965 388 3022 locum
413 2981 474 3022 esse
493 2965 578 3021 rerba
598 2963 765 3038 ostendunt,
790 2981 852 3023 cum
872 2983 956 3023 nemo
976 2985 1041 3024 suc·

79 3058 175 3098 cessar
197 3040 234 3096 ab
258 3040 391 3096 intestato
416 3039 536 3096 existat:
569 3055 654 3115 ergo,
678 3038 811 3115 quamdiu
835 3039 971 3098 incertam
996 3039 1041 3110 sit,

80 3123 174 3170 utrum
191 3113 311 3186 existat,
329 3131 366 3170 an
383 3131 462 3185 non,
483 3111 602 3169 cessabit
620 3111 835 3188 constitutioni
854 3124 959 3172 certum
979 3132 1042 3172 esse

78 3186 224 3262 coeperit,
256 3187 396 3244 neminem
423 3194 543 3257 extare,
571 3195 638 3242 tunc
663 3185 716 3243 erit
740 3186 928 3245 constitutioni
953 3189 1041 3245 locus.

78 3261 104 3317 ai
124 3261 166 3331 is,
192 3259 240 3336 qui
265 3260 293 3315 in
312 3260 451 3336 integrum
471 3259 577 3316 restitui
597 3267 705 3334 potest,
731 3261 864 3317 abstinuit
883 3278 915 3319 se
933 3263 969 3318 ab
987 3262 1070 3319 lte-tt

82 3333 223 3406 reditate,
248 3329 335 3407 ani),
354 3333 479 3410 quamvis
498 3341 591 3408 potest
607 3334 635 3389 in
654 3333 792 3408 integrum
809 3335 932 3408 restitui,
949 3344 1043 3412 potest

77 3407 192 3463 admitti
212 3406 389 3482 constitutio,
415 3417 444 3466 et
463 3406 585 3464 addictio
606 3408 741 3464 bonorum
757 3403 845 3465 fieri?
872 3408 939 3486 quid
963 3427 994 3466 er
1014 3427 1042 3481 o,

78 3482 105 3536 si
129 3488 194 3556 post
219 3478 407 3540 addictionem
432 3480 600 3538 libertatium
620 3479 874 3537 conservandarum
893 3499 977 3538 causa
994 3427 1044 3539 la-

76 3565 155 3611 ctam
173 3553 203 3609 iu
222 3553 363 3628 integrum
384 3556 419 3612 sit
438 3547 602 3612 restitutus?
621 3552 717 3628 utique
735 3569 792 3610 non
811 3553 864 3609 erit
883 3555 1043 3628 dicendum,

77 3712 164 3813 mbr
179 3711 241 3820 acti.³
251 3713 369 3812 fferam
382 3709 417 3765 l'·‚
431 3709 451 3764 f.
465 3712 583 3766 mmccccl,
597 3709 617 3765 r.
632 3719 685 3756 nort.
701 3731 729 3744 ·-
750 3712 774 3765 d)
789 3713 918 3757 aratam.
931 3733 957 3747 ·-
980 3713 1001 3763 e)
1015 3712 1044 3759 T.
