2520 4328
207 363 269 426 102
310 361 460 419 lusrrrur.
491 355 1011 426 namnmconu.mncn.11‚es.
1040 357 1074 437 ἓ
1092 363 1127 414 8.
1145 363 1183 416 8.
1241 377 1242 380 ¹

207 509 381 579 solutum⁹),
399 509 479 596 quasi
497 527 533 565 ex
553 507 732 563 Trebelliano
753 505 1012 575 senatusconsulto,
1036 524 1093 577 pro
1114 515 1185 561 rata
1241 531 1242 546 ι

208 585 336 657 portione
363 584 588 652 senonibusw),
615 590 671 636 tam
698 581 725 635 in
751 579 901 647 heredem,
927 597 1010 652 quam
1033 580 1061 636 in
1088 577 1186 634 fidei-

208 657 442 728 commissarium,
471 655 701 729 competentibus.
738 655 761 708 si
788 671 853 710 vero
874 663 960 708 totam
980 652 1184 708 hereditatem

208 741 307 806 sponte
329 731 495 804 restituerit,
516 719 612 784 omo'es
631 726 816 784 hereditariae
830 728 953 783 actiones
967 725 1184 782 fideicommis-
1241 735 1242 780 i

208 807 281 860 sario
300 814 328 860 et
347 804 478 859 adversus
496 821 560 858 eum
579 811 749 876 competunt.
769 801 915 856 sedetiam
933 800 971 870 id,
991 799 1068 875 quod
1086 819 1185 870 prae·
1241 797 1242 848 l

209 881 320 952 eipuum
340 875 487 952 Pegasiani
505 875 732 934 senatusconsulti
753 873 866 945 suerat,
885 883 931 946 ut,
971 874 1065 933 nando
1089 893 1184 930 recu-

209 953 288 1015 sabat
308 951 388 1006 heres
407 951 524 1026 scriptas
542 950 595 1006 sihi
614 949 707 1004 datam
728 947 909 1004 hereditatem
930 893 1023 1018 adire,
1046 949 1183 1004 necessi·
1241 991 1242 1020 ,

209 1037 251 1080 tos
278 1025 304 1080 ei
323 1024 512 1096 imponeretur
536 1034 622 1080 totam
641 1022 826 1078 hereditatem
846 1020 949 1077 volenti
967 1020 1183 1078 fideicommis-
1241 1027 1242 1096 l

209 1098 282 1153 sario
307 1099 467 1170 restituere,
494 1105 523 1154 et
548 1114 643 1153 omnes
663 1095 700 1151 ad
722 1113 785 1151 eum
805 1105 832 1152 et
851 1105 947 1151 contra
968 1112 1031 1150 enm
1051 1096 1181 1150 transire
1241 1099 1242 1156 l

210 1172 356 1242 actiones,
386 1181 414 1227 et
441 1172 495 1228 hoc
521 1170 727 1245 transponimus
747 1168 783 1223 ad
805 1169 1073 1224 senatusconsultum
1095 1169 1180 1224 Tre·
1241 1179 1242 1216 l

211 1244 376 1317 bellianum,
405 1253 434 1300 ut
459 1263 495 1302 ex
515 1245 569 1300 hoc
588 1243 647 1299 solo
666 1252 695 1298 et
713 1243 862 1298 necessitas
880 1241 976 1298 heredi
997 1243 1178 1317 imponatur,

210 1320 248 1390 si,
275 1319 282 1373 i
304 1318 335 1374 so
355 1319 470 1375 nolente
491 1318 585 1388 adire,
610 1316 879 1372 fideicommissarius
899 1315 1039 1371 desiderat
1061 1315 1177 1372 restitui

211 1393 261 1447 sibi
281 1337 481 1460 hereditatem,
499 1391 573 1446 nullo
594 1407 647 1446 nec
665 1389 767 1444 damno
787 1407 839 1446 nec
858 1389 1005 1445 commodo
1022 1390 1102 1464 apud
1121 1391 1177 1446 he-

182 1466 305 1522 eredem
327 1476 468 1521 manente.
514 1463 591 1520 Nihil
610 1471 702 1518 autem
723 1464 856 1534 interest,
885 1473 975 1518 utrum
996 1463 1114 1537 aliquis,
1137 1482 1176 1520 ex

211 1557 271 1594 asse
291 1539 371 1594 heres
386 1539 540 1605 institutus,
559 1546 607 1592 aut
626 1546 711 1591 totam
731 1535 929 1606 hereditatem,
947 1546 995 1591 aut
1014 1555 1068 1610 pro
1088 1548 1175 1610 parte

212 1613 355 1667 restituere
377 1623 510 1685 rogatur,
531 1628 567 1666 an
584 1629 620 1666 ex
639 1620 720 1685 parte
738 1610 819 1665 heres
838 1611 993 1680 institutus,
1015 1620 1063 1665 aut
1081 1621 1173 1666 tota-

212 1703 273 1740 eam
295 1695 417 1757 partem,
437 1695 484 1740 aut
502 1685 589 1760 partis
609 1695 717 1758 partem
737 1684 880 1740 restituere
901 1695 1033 1757 rogatur:
1056 1702 1123 1740 nam
1143 1695 1174 1740 et

213 1760 264 1812 hoc
284 1777 349 1815 casu
369 1759 466 1814 eadem
487 1759 627 1815 observari
644 1758 845 1832 praecipimus,
874 1758 991 1830 quaein
1012 1758 1100 1812 totius
1119 1758 1173 1814 he-

182 1831 337 1889 ereditatis
363 1833 534 1889 restitutione
561 1832 742 1899 diximus¹¹).
790 1830 820 1886 Si
845 1833 920 1905 quis,
949 1849 1009 1886 una·
1024 1830 1121 1906 aliqua
1140 1850 1172 1887 re

213 1905 332 1961 deducta
367 1906 423 1962 sive
457 1916 624 1981 praecepta,
657 1922 730 1992 quae
759 1914 885 1979 quartam
912 1905 1052 1972 continet,
1085 1905 1172 1961 veluti

212 1980 299 2035 l‘undo
320 1979 362 2034 rel
380 1980 433 2036 alia
453 1999 504 2050 re,
524 1989 637 2054 rogatus
654 1988 689 2034 sit
704 1978 848 2033 restituere
867 1977 1068 2036 hereditatem:
1088 1980 1171 2035 simili

212 2053 295 2108 modo
314 2072 350 2108 ex
365 2053 543 2108 Trebelliano
558 2052 793 2108 senatusconsulto
809 2051 944 2107 restitutio
958 2051 1028 2124 fiat,
1050 2053 1173 2126 perinde

212 2129 284 2196 acsi,
307 2137 405 2200 quarta
425 2137 506 2200 parte
525 2135 651 2192 retenta,
676 2137 789 2198 rogatus
809 2136 882 2182 esset
901 2126 1035 2200 reliquam
1055 2127 1170 2183 heredi-

213 2211 298 2255 tatem
315 2200 469 2256 restituere.
508 2200 565 2256 Sed
586 2199 652 2254 illud
671 2200 805 2271 interest,
832 2199 907 2274 quod
929 2199 1016 2255 altero
1037 2219 1122 2272 casu,
1141 2202 1170 2255 id

212 2283 254 2330 est
273 2292 335 2328 cum
355 2272 475 2328 deducta
493 2275 550 2329 sive
570 2283 720 2347 praecepta
740 2273 831 2348 aliqua
852 2291 882 2328 re
894 2269 918 2346 e)
945 2273 1099 2328 restituitur
1118 2275 1170 2330 he-

212 2345 335 2412 reditas,
362 2346 389 2400 in
416 2346 533 2402 solidum
560 2364 649 2404 exeo
670 2347 906 2402 senatusconsulto
932 2347 1057 2402 actiones
1078 2359 1170 2404 traus-

211 2420 359 2489 l'eruntur,
388 2428 416 2474 et
442 2438 501 2488 res,
529 2438 601 2496 quae
620 2429 745 2476 remanet
763 2420 839 2493 apud
858 2418 1005 2491 heredem,
1033 2421 1094 2476 sine
1115 2423 1167 2476 ullo

213 2510 300 2548 onere
325 2492 493 2550 hereditario
519 2494 593 2570 apud
619 2511 681 2548 eum
708 2504 818 2560 manet,
853 2495 931 2568 quasi
958 2513 993 2551 ex
1022 2495 1117 2568 legato
1141 2497 1167 2550 ei

213 2565 363 2640 acquisita3
384 2567 470 2622 altero
493 2587 557 2624 vero
578 2585 663 2637 casu,
684 2565 712 2620 id
730 2577 788 2634 est,
807 2586 886 2634 cum,
905 2578 1003 2642 quarta
1020 2579 1101 2642 parte
1122 2587 1165 2623 re-

213 2651 305 2710 tenta,
325 2650 436 2714 rogatus
456 2651 497 2698 est
515 2641 597 2698 heres
616 2640 760 2696 restituere
776 2640 968 2711 hereditatem,
989 2651 1016 2696 et
1034 2643 1165 2710 restituit,

213 2711 374 2768 scinduntur
393 2715 531 2788 actiones,
557 2725 586 2771 et
607 2732 657 2788 pro
679 2712 816 2770 dodrante
834 2713 945 2788 quidem
964 2714 1168 2770 transferuntur

213 2786 249 2841 ad
273 2785 579 2854 fideicommissariam,
609 2805 661 2862 pro
682 2785 837 2862 quadrante
857 2798 1001 2844 remanent
1020 2789 1096 2864 apud
1116 2790 1166 2844 he-

213 2860 317 2916 redem.
356 2862 421 2936 quin
445 2864 545 2935 etiam,
570 2861 634 2918 licet
659 2860 720 2934 inf)
747 2879 802 2916 una
822 2878 851 2916 re
868 2861 960 2935 aliqua
977 2861 1101 2918 deducta
1120 2873 1166 2918 aot

213 2945 364 3009 praecepta
389 2937 534 2992 restituere
558 2934 656 3012 aliquis
681 2934 865 2990 hereditatem
890 2944 1003 3009 rogatus
1028 2946 1086 3008 est,
1112 2956 1164 3011 qua

213 3009 335 3064 inanima
360 3027 425 3082 pars
453 3009 615 3066 hereditatis
646 3007 840 3078 contineatur,
878 3025 968 3084 aeque
992 3009 1020 3064 iu
1050 3010 1162 3066 solidum

212 3081 415 3138 transferuntur.
440 3083 578 3154 actiones,
605 3091 634 3138 et
659 3099 752 3136 secum
777 3081 938 3152 deliberare
957 3081 1042 3138 debet
1059 3082 1097 3156 is,
1122 3085 1163 3139 cui

211 3155 363 3212 restituitur
385 3153 540 3228 hereditas,
566 3173 602 3210 an
621 3153 753 3228 expediat
771 3155 823 3210 sibi
842 3154 958 3211 restitui.
995 3155 1095 3212 eedem
1113 3158 1163 3214 sci-

211 3228 275 3284 licet
299 3229 484 3285 interveniunt
507 3239 535 3286 et
558 3231 595 3302 si,
625 3227 732 3284 duabus
757 3228 914 3304 pluribusve
940 3228 1067 3286 dedoctis
1086 3232 1161 3287 rebus

211 3301 412 3376 praeceptisre,
435 3303 579 3360 restituere
596 3301 780 3359 hereditatem
801 3311 914 3376 rogatus
932 3303 976 3360 sit.
1014 3303 1064 3360 sed
1083 3305 1159 3374 etsi,

211 3386 288 3430 certa
307 3393 414 3431 summa
433 3376 553 3434 deducta
572 3385 773 3453 praeceptere,
795 3393 867 3451 quae
887 3387 1014 3450 quartam
1027 3377 1069 3434 rel
1084 3378 1159 3434 etiarn

213 3501 432 3514 *η-

270 3571 292 3620 e)
306 3581 334 3613 ro
347 3570 384 3613 rel
396 3571 500 3622 exuuio.
516 3591 544 3601 -
573 3567 591 3621 l)
606 3567 651 3612 del.
665 3570 697 3613 tn.

743 3693 771 3734 l5

750 3750 760 3792 l

750 3805 761 3846 1

794 3691 909 3745 sna

785 3747 904 3799 men

801 3803 895 3848 om

241 3691 265 3743 9)
279 3694 308 3737 Ι).
323 3695 346 3736 h.
361 3694 473 3739 Ι.2ί.68.
487 3693 541 3747 §.h
571 3691 674 3735 onor,
707 3694 724 3735 l.

214 3749 304 3792 Falcid.
320 3749 360 3802 Vl,
376 3749 414 3794 ᾰθ.
429 3752 445 3793 1.
460 3751 482 3794 9.
499 3769 527 3779 -
557 3747 595 3797 lh)
610 3748 637 3790 l).
650 3749 673 3789 1ι.
708 3749 730 3790 1ι.

214 3804 230 3846 l.
247 3807 267 3848 l.
287 3804 312 3858 S.
329 3803 380 3859 tt,
402 3811 428 3851 ut
442 3809 514 3858 regat.
530 3803 634 3857 XXXVI,
650 3804 673 3846 tl.
709 3805 733 3856 s.

923 3693 1155 3744 ma-mn

911 3747 1156 3848 pmsmm
