2516 4328
202 346 351 405 luorrrur.
379 345 428 404 lin
440 363 623 406 terreamus
635 346 689 416 IV,
703 351 732 404 (t.
753 343 783 426 ξ.
797 352 939 404 :sl-56.
996 344 1060 408 179

90 493 274 570 promissoris
293 503 336 548 est
355 493 470 562 electio,
496 507 587 550 utrum
615 493 760 568 pecuniam
785 512 820 548 on
842 494 982 550 hominem
1002 494 1059 550 sol-

94 585 165 624 vere
182 567 276 623 malit:
296 567 344 640 qui
362 567 446 642 igitur
463 569 616 642 pecuniam·
629 579 752 638 tantum,
774 569 823 622 vel·
835 567 975 624 ltuminem
996 576 1062 624 lan-

94 651 158 696 tum
177 639 228 695 sibi
248 640 308 694 dari
329 650 461 715 oportere
481 641 620 711 intendit,
640 642 722 715 eripit
742 643 913 698 electionem·
926 641 1061 697 adversa-

95 714 159 785 rio,
178 723 206 768 et
224 729 259 767 en
278 712 362 768 modu
383 731 461 770 suam
482 714 594 788 quidem
616 713 757 769 meliorem
776 715 967 770 condicionem
984 714 1060 786 facit,

95 785 250 842 adversarii
271 803 337 842 vern
355 787 399 842 sui
416 786 594 844 deteriorem.
631 805 686 863 qua
704 787 741 843 de
759 805 843 843 causa
861 788 923 844 telis
937 789 966 843 in
979 806 1014 844 es
1030 805 1061 842 re

94 859 211 936 prodita
236 870 279 916 est
304 859 394 929 actio,
419 870 449 916 ut
474 861 574 935 quial)
599 859 741 929 intendet,
769 861 908 918 hominem
935 861 1061 918 Stichum

95 943 150 990 aut
169 949 271 988 aureos
290 931 387 989 decem
401 933 453 989 sibi
468 934 529 990 dari
543 943 697 1008 oportere,
717 934 745 990 id
760 944 802 990 est
817 944 846 990 ut
860 934 961 991 eodem
977 935 1061 991 modo

120 1015 227 1077 eteret,
247 1024 302 1092 quo
322 1007 374 1062 sibi
393 1007 427 1062 sti
451 1008 541 1064 ulatus
560 1018 610 1064 est.
648 1019 796 1081 praeterea
816 1009 839 1064 si
859 1009 920 1084 quis
940 1025 1062 1082 genera-

96 1025 164 1136 liter
187 1078 329 1136 hommem
353 1025 501 1168 stipuletur
518 1081 569 1151 sit,
598 1091 626 1136 et
646 1081 803 1156 specialiter
821 1080 948 1137 Stichum
969 1091 1060 1155 petat,

95 1164 150 1210 aut
182 1152 351 1226 generaliter
378 1171 471 1210 unum
503 1154 667 1227 stipulatus,
701 1154 859 1211 secialiter
885 1153 1061 1210 Cumanum

96 1235 199 1302 petst,
220 1236 269 1281 aut
284 1227 453 1312 generaliter
471 1245 625 1302 purpuram
644 1173 791 1301 stipuiatus
807 1227 861 1296 sit,
878 1227 942 1284 dein
965 1245 981 1284 e
996 1243 1063 1301 spe-

97 1299 208 1356 cialiter
229 1299 347 1372 Tyriam
373 1311 469 1388 petat:
496 1299 557 1375 plus
581 1310 678 1376 petere
700 1299 888 1375 intellegitur,
918 1301 983 1376 quia
1002 1301 1062 1356 ele-

96 1374 221 1430 ctionem
241 1373 400 1430 adversano
420 1374 506 1447 tollit,
526 1374 570 1430 cui
587 1374 772 1450 stipulationis
791 1376 850 1429 iure
868 1375 984 1430 liberum
1000 1373 1061 1444 snit,

97 1446 176 1504 aliud
202 1446 325 1519 solvere,
351 1465 435 1522 quam
456 1447 531 1523 quod
552 1457 704 1522 peteretur.
742 1447 913 1522 quinetiam,
938 1447 1002 1504 licet
1022 1447 1064 1502 vi-

94 1520 232 1576 lissimum
250 1519 301 1589 sit,
322 1521 398 1596 quod
417 1522 479 1596 quis
498 1531 598 1595 petat,
627 1521 804 1578 nihilominus
825 1521 885 1596 plus
905 1532 1001 1597 petere
1019 1521 1063 1576 in-

96 1593 256 1668 tellegitur:
276 1594 342 1668 quin
359 1611 447 1668 saepe
466 1594 582 1666 accidit,
598 1604 628 1650 ut
647 1595 808 1671 promissori
823 1595 929 1651 facilius
945 1595 980 1650 sit
997 1592 1065 1649 illud

94 1667 226 1736 solvere,
244 1667 320 1742 quod
341 1667 455 1723 maioris
473 1667 556 1741 pretii
575 1677 626 1723 est.
645 1699 682 1710 -
719 1668 777 1724 Sed
798 1668 868 1725 lmec
883 1669 994 1744 quidem
1012 1685 1066 1724 nn-

97 1741 196 1797 tenio
217 1759 267 1796 usu
287 1739 417 1816 fuerant3
443 1751 542 1816 postes
561 1752 654 1797 nutem
674 1741 720 1796 lex
741 1739 904 1798 Zenoniana
924 1753 952 1797 et
971 1752 1065 1797 nostra

96 1833 161 1870 rem
185 1815 319 1870 coartavit
329 1811 362 1889 i).
398 1824 428 1871 et
445 1815 468 1871 si
487 1813 599 1890 quidem
619 1825 746 1887 tempore
760 1814 821 1889 plus
835 1814 920 1870 fuerit
933 1817 1063 1890 petitum,

96 1887 170 1962 quid
197 1887 280 1944 statui
307 1897 420 1962 oportet
430 1888 476 1962 k),
512 1887 638 1944 Zenonis
663 1887 745 1944 dirae
768 1889 921 1944 memoriae
946 1889 1069 1963 loquitur

97 1961 279 2032 constitutio,
306 1961 350 2016 sin
368 1973 463 2018 sutem
503 1962 639 2017 uentitste
657 1961 701 2017 vel
721 1961 776 2017 alio
795 1960 880 2017 modo
900 1961 963 2036 plus
982 1961 1067 2017 luerit

98 2035 242 2110 petitum,
263 2052 364 2106 omne,
390 2037 413 2091 si
429 1980 500 2110 quid
513 2034 587 2092 sorte
608 2034 739 2091 damnum
751 2039 772 2104 ¹)
792 2053 828 2092 ex
845 2034 898 2090 hac
918 2051 1001 2090 causa
1017 2051 1068 2090 ac-

98 2108 200 2166 ciderit
220 2108 263 2177 ei,
281 2117 378 2164 eontra
398 2127 481 2184 quem
501 2108 563 2184 plus
581 2110 697 2184 petitum
712 2107 813 2180 suerit,
832 2108 977 2164 commissa
993 2107 1067 2183 tripli

99 2180 355 2253 condemnatione,
379 2183 451 2238 sicut
476 2200 561 2312 supra
587 2183 722 2255 diximus,
749 2183 891 2257 punietur.
929 2181 961 2238 Si
978 2182 1110 2242 minuens

98 2258 132 2311 in
152 2255 307 2312 intentione
326 2256 490 2332 complexus
521 2256 593 2312 uerit
612 2267 706 2327 actor,
733 2273 817 2331 quom
838 2257 874 2312 ad
895 2273 958 2311 eum
980 2256 1068 2330 perti-

101 2339 205 2400 neret,
230 2328 314 2384 reluti
338 2329 377 2401 si,
404 2349 467 2386 cum
493 2331 520 2386 ei
545 2329 642 2386 decem
663 2329 850 2400 deberentur,
874 2329 998 2404 quinque
1016 2328 1068 2384 sibi

100 2402 166 2457 dari
185 2412 317 2476 oportere
336 2403 503 2476 intenderit,
523 2413 588 2475 eut,
609 2422 670 2458 cum
691 2414 766 2459 totus
784 2403 889 2459 fundus
906 2403 966 2458 eius
985 2413 1068 2472 esset,

100 2475 213 2550 par'tem
228 2475 372 2532 dimidiam
388 2495 468 2533 suam
488 2495 549 2534 esse
569 2477 702 2552 petierit,
722 2478 782 2532 sine
801 2477 926 2551 periculo
945 2477 1019 2550 agit:
1039 2476 1068 2531 in

102 2548 241 2624 reliquum
274 2549 348 2605 enim
375 2550 552 2608 nihilominus
577 2550 664 2607 iudex
691 2551 880 2607 adversarium
910 2551 938 2606 in
967 2550 1066 2606 eodem

100 2622 207 2678 iudicio
226 2622 297 2752 eir-g
324 2624 515 2696 condemnat,
542 2642 579 2680 ex
599 2624 794 2681 constitutione
814 2625 895 2679 dirae
915 2624 1067 2680 memoriae

102 2695 237 2753 Zenonis.
298 2696 307 2750 i
331 2697 393 2772 quis
417 2697 492 2754 aliud
512 2698 638 2774 proelio
658 2698 823 2768 intenderit,
843 2695 911 2752 nihil
931 2714 995 2753 eum
1016 2709 1113 2772 pe-up

102 2769 217 2825 riclitari
249 2769 363 2844 placet,
397 2771 449 2828 sed
475 2772 504 2826 in
533 2770 632 2826 eodem
659 2771 778 2842 indicio,
804 2770 916 2824 cunita
943 2770 1069 2842 veritate,

102 2861 228 2900 errorem
253 2862 335 2900 suum
361 2845 502 2920 corrigere
528 2839 770 2917 permittimur),
804 2788 888 2899 refoti
910 2842 934 2898 si
958 2842 997 2914 is,
1021 2843 1069 2918 qui

98 2916 246 2976 hominem
265 2915 391 2974 Stichum
411 2930 509 2993 petere
528 2917 662 2987 deberet,
689 2915 804 2971 Erotem
825 2915 957 2989 petierit,
979 2925 1028 2972 snt
1046 2917 1070 2971 si

102 2992 167 3066 quis
193 3009 229 3048 ex
255 2999 422 3049 testamento
442 2992 494 3048 sibi
513 2991 574 3047 dari
594 3000 726 3066 oportere
745 2989 912 3058 intenderit,
938 2988 1015 3065 quod
1033 3005 1069 3045 ex

102 3063 237 3140 stipulatu
258 3063 384 3122 debetur.
998 3123 1000 3130 ‚

161 3137 234 3195 Sunt
257 3148 407 3213 praeterea
433 3137 574 3215 quaedam
593 3135 736 3206 actiones,
761 3137 862 3212 quillus
880 3136 975 3209 non0)
1002 3136 1113 3194 soli-un

103 3212 188 3284 dum,
207 3211 282 3288 quod
304 3212 424 3269 debetur
438 3213 536 3284 nobis,
554 3210 767 3286 persequimur,
788 3211 839 3268 sed
854 3210 937 3266 modo
951 3209 1069 3267 solidum

104 3286 317 3362 consequimur,
344 3288 429 3344 modo
457 3287 555 3342 miuus.
593 3283 634 3342 Ut
660 3302 743 3354 ecce,
768 3286 791 3340 si
816 3285 844 3340 in
864 3283 1002 3371 peculium
1020 3282 1069 3340 filii

103 3359 212 3416 servire
239 3377 364 3434 egemus.
399 3379 465 3418 nam
491 3363 514 3417 si
538 3375 595 3414 non
622 3357 712 3413 minus
731 3358 760 3412 iu
781 3357 890 3431 peculio
908 3356 960 3427 sit,
984 3374 1068 3430 quam

104 3433 320 3510 persequimur,
339 3432 368 3490 in
386 3435 505 3492 solidum
526 3442 607 3508 pater
625 3430 789 3508 dominosve
807 3429 1027 3500 condemnatur,
1045 3432 1069 3486 si

104 3525 173 3564 vero
198 3507 289 3563 minus
311 3507 483 3581 inveniatur,
504 3508 639 3563 hactenus
657 3503 825 3560 condemnat
845 3503 947 3575 iudex,
967 3514 1069 3578 quate-

104 3598 160 3638 nns
177 3581 206 3637 in
226 3578 337 3656 peculio
353 3583 399 3641 sit.
424 3578 661 3659 quemadmodum
683 3588 776 3634 autem
792 3577 930 3653 peculium
946 3575 1072 3652 intellegi
1101 3607 1104 3612 ,

163 3740 189 3794 n)
203 3741 284 3795 uuus.
299 3763 328 3774 -
356 3739 374 3793 u
388 3741 499 3785 erarem.
514 3761 541 3771 -
571 3740 598 3792 ro
613 3747 632 3782 s.
648 3749 683 3792 o,
698 3735 766 3790 qnos.
781 3757 808 3768 -
837 3736 856 3788 u
869 3736 908 3790 u,
921 3736 985 3780 urs
998 3745 1074 3791 spor-

102 3795 212 3841 tella-
239 3795 376 3849 sunctae
393 3819 420 3832 -
448 3803 473 3850 n>
489 3795 725 3854 nummulum.
741 3813 770 3825 -
799 3794 971 3848 unum.
