<?xml version="1.0" encoding="UTF-8"?>
<!DOCTYPE html PUBLIC "-//W3C//DTD XHTML 1.0 Transitional//EN"
    "http://www.w3.org/TR/xhtml1/DTD/xhtml1-transitional.dtd">
<html xmlns="http://www.w3.org/1999/xhtml" xml:lang="en" lang="en">
 <head>
  <title>
</title>
<meta http-equiv="Content-Type" content="text/html;charset=utf-8" />
  <meta name='ocr-system' content='tesseract 3.04.00' />
  <meta name='ocr-capabilities' content='ocr_page ocr_carea ocr_par ocr_line ocrx_word'/>
</head>
<body>
  <div class='ocr_page' id='page_1' title='image "./imperatorisjust00schrgoog_0198.png"; bbox 0 0 2566 4344; ppageno 0'>
   <div class='ocr_carea' id='block_1_1' title="bbox 128 318 1094 438">
    <p class='ocr_par' dir='ltr' id='par_1_1' title="bbox 128 318 1094 438">
     <span class='ocr_line' id='line_1_1' title="bbox 128 318 1094 438; baseline 0.014 -27"><span class='ocrx_word' id='word_1_1' title='bbox 128 349 282 416; x_wconf 70' lang='lat' dir='ltr'>lurrn&#39;ur.</span> <span class='ocrx_word' id='word_1_2' title='bbox 301 318 863 426; x_wconf 53' lang='lat' dir='ltr'>Qu.ourrro,u.1nrn,ror.rnr1V,7.</span> <span class='ocrx_word' id='word_1_3' title='bbox 875 355 1001 438; x_wconf 73' lang='lat' dir='ltr'>§.l-l.</span> <span class='ocrx_word' id='word_1_4' title='bbox 1032 359 1094 425; x_wconf 78' lang='lat'>181</span> 
     </span>
    </p>
   </div>
   <div class='ocr_carea' id='block_1_2' title="bbox 125 501 1093 1000">
    <p class='ocr_par' dir='ltr' id='par_1_2' title="bbox 127 501 1093 728">
     <span class='ocr_line' id='line_1_2' title="bbox 127 501 1093 580; baseline 0.002 -20"><span class='ocrx_word' id='word_1_5' title='bbox 127 517 303 560; x_wconf 73' lang='lat' dir='ltr'>moneamur.</span> <span class='ocrx_word' id='word_1_6' title='bbox 340 501 378 560; x_wconf 84' lang='lat' dir='ltr'>Et</span> <span class='ocrx_word' id='word_1_7' title='bbox 397 504 482 580; x_wconf 89' lang='lat' dir='ltr'>quia,</span> <span class='ocrx_word' id='word_1_8' title='bbox 501 503 559 562; x_wconf 83' lang='lat' dir='ltr'>rire</span> <span class='ocrx_word' id='word_1_9' title='bbox 579 521 641 561; x_wconf 83' lang='lat' dir='ltr'>eum</span> <span class='ocrx_word' id='word_1_10' title='bbox 662 507 747 563; x_wconf 76' lang='lat' dir='ltr'>servia</span> <span class='ocrx_word' id='word_1_11' title='bbox 762 505 905 579; x_wconf 84' lang='lat' dir='ltr'>negotium</span> <span class='ocrx_word' id='word_1_12' title='bbox 925 515 1032 580; x_wconf 78' lang='lat' dir='ltr'>gentum</span> <span class='ocrx_word' id='word_1_13' title='bbox 1047 508 1093 577; x_wconf 79' lang='lat' dir='ltr'>rit,</span> 
     </span>
     <span class='ocr_line' id='line_1_3' title="bbox 127 575 1093 654; baseline 0.006 -23"><span class='ocrx_word' id='word_1_14' title='bbox 127 575 272 632; x_wconf 75' lang='lat' dir='ltr'>aiterum</span> <span class='ocrx_word' id='word_1_15' title='bbox 292 576 351 647; x_wconf 84' lang='lat' dir='ltr'>hia,</span> <span class='ocrx_word' id='word_1_16' title='bbox 378 577 426 652; x_wconf 91' lang='lat' dir='ltr'>qui</span> <span class='ocrx_word' id='word_1_17' title='bbox 449 578 478 632; x_wconf 88' lang='lat' dir='ltr'>iu</span> <span class='ocrx_word' id='word_1_18' title='bbox 501 587 641 651; x_wconf 78' lang='lat' dir='ltr'>potestate</span> <span class='ocrx_word' id='word_1_19' title='bbox 663 580 788 654; x_wconf 77' lang='lat' dir='ltr'>parentia</span> <span class='ocrx_word' id='word_1_20' title='bbox 804 589 885 646; x_wconf 84' lang='lat' dir='ltr'>aunt,</span> <span class='ocrx_word' id='word_1_21' title='bbox 910 578 972 636; x_wconf 86' lang='lat' dir='ltr'>lere</span> <span class='ocrx_word' id='word_1_22' title='bbox 991 581 1093 638; x_wconf 89' lang='lat' dir='ltr'>eadem</span> 
     </span>
     <span class='ocr_line' id='line_1_4' title="bbox 127 648 1092 728; baseline 0.006 -24"><span class='ocrx_word' id='word_1_23' title='bbox 127 648 191 704; x_wconf 84' lang='lat' dir='ltr'>iura</span> <span class='ocrx_word' id='word_1_24' title='bbox 210 660 375 723; x_wconf 84' lang='lat' dir='ltr'>rerrantur,</span> <span class='ocrx_word' id='word_1_25' title='bbox 404 667 440 708; x_wconf 91' lang='lat' dir='ltr'>ne</span> <span class='ocrx_word' id='word_1_26' title='bbox 459 651 577 708; x_wconf 71' lang='lat' dir='ltr'>verbosa</span> <span class='ocrx_word' id='word_1_27' title='bbox 596 650 647 708; x_wconf 82' lang='lat' dir='ltr'>lint</span> <span class='ocrx_word' id='word_1_28' title='bbox 664 652 834 728; x_wconf 80' lang='lat' dir='ltr'>disputatio,</span> <span class='ocrx_word' id='word_1_29' title='bbox 859 651 1012 727; x_wconf 75' lang='lat' dir='ltr'><strong>dirigamus</strong></span> <span class='ocrx_word' id='word_1_30' title='bbox 1030 671 1092 710; x_wconf 81' lang='lat' dir='ltr'>rer-</span> 
     </span>
    </p>

    <p class='ocr_par' dir='ltr' id='par_1_3' title="bbox 125 723 1092 802">
     <span class='ocr_line' id='line_1_5' title="bbox 125 723 1092 802; baseline 0.006 -24"><span class='ocrx_word' id='word_1_31' title='bbox 125 739 242 778; x_wconf 82' lang='lat' dir='ltr'>monem</span> <span class='ocrx_word' id='word_1_32' title='bbox 265 723 295 778; x_wconf 89' lang='lat' dir='ltr'>in</span> <span class='ocrx_word' id='word_1_33' title='bbox 317 741 467 798; x_wconf 75' lang='lat' dir='ltr'>personam</span> <span class='ocrx_word' id='word_1_34' title='bbox 487 724 558 780; x_wconf 75' lang='lat' dir='ltr'>uerri</span> <span class='ocrx_word' id='word_1_35' title='bbox 578 723 755 802; x_wconf 82' lang='lat' dir='ltr'>dominique,</span> <span class='ocrx_word' id='word_1_36' title='bbox 776 725 851 782; x_wconf 82' lang='lat' dir='ltr'>idem</span> <span class='ocrx_word' id='word_1_37' title='bbox 870 725 1035 784; x_wconf 82' lang='lat' dir='ltr'>intellecturi</span> <span class='ocrx_word' id='word_1_38' title='bbox 1054 727 1092 784; x_wconf 89' lang='lat' dir='ltr'>de</span> 
     </span>
    </p>

    <p class='ocr_par' dir='ltr' id='par_1_4' title="bbox 125 794 1092 1000">
     <span class='ocr_line' id='line_1_6' title="bbox 125 794 1089 875; baseline 0.007 -25"><span class='ocrx_word' id='word_1_39' title='bbox 125 794 224 852; x_wconf 75' lang='lat' dir='ltr'>liberis</span> <span class='ocrx_word' id='word_1_40' title='bbox 248 814 361 872; x_wconf 92' lang='lat' dir='ltr'>quoque</span> <span class='ocrx_word' id='word_1_41' title='bbox 388 807 416 854; x_wconf 90' lang='lat' dir='ltr'>et</span> <span class='ocrx_word' id='word_1_42' title='bbox 444 797 622 872; x_wconf 75' lang='lat' dir='ltr'>parentibus,</span> <span class='ocrx_word' id='word_1_43' title='bbox 648 817 766 873; x_wconf 88' lang='lat' dir='ltr'>quorurn</span> <span class='ocrx_word' id='word_1_44' title='bbox 794 799 823 858; x_wconf 89' lang='lat' dir='ltr'>in</span> <span class='ocrx_word' id='word_1_45' title='bbox 850 809 989 875; x_wconf 72' lang='lat' dir='ltr'>potestate</span> <span class='ocrx_word' id='word_1_46' title='bbox 1016 811 1089 858; x_wconf 82' lang='lat' dir='ltr'>runt.</span> 
     </span>
     <span class='ocr_line' id='line_1_7' title="bbox 126 868 1092 998; baseline 0.007 -74"><span class='ocrx_word' id='word_1_47' title='bbox 126 885 195 998; x_wconf 67' lang='lat' dir='ltr'>qam</span> <span class='ocrx_word' id='word_1_48' title='bbox 218 868 242 926; x_wconf 81' lang='lat' dir='ltr'>ri</span> <span class='ocrx_word' id='word_1_49' title='bbox 266 869 334 946; x_wconf 90' lang='lat' dir='ltr'>qnid</span> <span class='ocrx_word' id='word_1_50' title='bbox 362 870 390 926; x_wconf 91' lang='lat' dir='ltr'>iu</span> <span class='ocrx_word' id='word_1_51' title='bbox 416 869 459 926; x_wconf 81' lang='lat' dir='ltr'>hir</span> <span class='ocrx_word' id='word_1_52' title='bbox 484 871 597 945; x_wconf 75' lang='lat' dir='ltr'>proprie</span> <span class='ocrx_word' id='word_1_53' title='bbox 624 873 802 946; x_wconf 80' lang='lat' dir='ltr'>observatur,</span> <span class='ocrx_word' id='word_1_54' title='bbox 824 873 975 948; x_wconf 72' lang='lat' dir='ltr'>separatim</span> <span class='ocrx_word' id='word_1_55' title='bbox 995 882 1092 930; x_wconf 82' lang='lat' dir='ltr'>osteu-</span> 
     </span>
     <span class='ocr_line' id='line_1_8' title="bbox 147 958 236 1000; baseline 0.022 -2"><span class='ocrx_word' id='word_1_56' title='bbox 147 958 236 1000; x_wconf 81' lang='lat' dir='ltr'>emur.</span> 
     </span>
    </p>
   </div>
   <div class='ocr_carea' id='block_1_3' title="bbox 183 1013 1217 1094">
    <p class='ocr_par' dir='ltr' id='par_1_5' title="bbox 183 1013 1217 1094">
     <span class='ocr_line' id='line_1_9' title="bbox 183 1013 1217 1094; baseline 0.005 -22"><span class='ocrx_word' id='word_1_57' title='bbox 183 1013 215 1072; x_wconf 82' lang='lat' dir='ltr'>Si</span> <span class='ocrx_word' id='word_1_58' title='bbox 233 1014 318 1090; x_wconf 81' lang='lat' dir='ltr'>igitur</span> <span class='ocrx_word' id='word_1_59' title='bbox 335 1015 411 1072; x_wconf 78' lang='lat' dir='ltr'>iuruu</span> <span class='ocrx_word' id='word_1_60' title='bbox 430 1015 536 1072; x_wconf 88' lang='lat' dir='ltr'>domiui</span> <span class='ocrx_word' id='word_1_61' title='bbox 556 1035 619 1073; x_wconf 85' lang='lat' dir='ltr'>eum</span> <span class='ocrx_word' id='word_1_62' title='bbox 638 1036 719 1076; x_wconf 77' lang='lat' dir='ltr'>nervo</span> <span class='ocrx_word' id='word_1_63' title='bbox 735 1019 880 1092; x_wconf 84' lang='lat' dir='ltr'>negotium</span> <span class='ocrx_word' id='word_1_64' title='bbox 902 1027 1009 1094; x_wconf 81' lang='lat' dir='ltr'>gerturn</span> <span class='ocrx_word' id='word_1_65' title='bbox 1028 1020 1117 1093; x_wconf 83' lang='lat' dir='ltr'>erit,t</span> <span class='ocrx_word' id='word_1_66' title='bbox 1215 1015 1217 1020; x_wconf 76' lang='grc'><strong>’</strong></span> 
     </span>
    </p>
   </div>
   <div class='ocr_carea' id='block_1_4' title="bbox 124 1088 1119 2282">
    <p class='ocr_par' dir='ltr' id='par_1_6' title="bbox 124 1088 1119 2282">
     <span class='ocr_line' id='line_1_10' title="bbox 126 1088 1089 1168; baseline 0.004 -24"><span class='ocrx_word' id='word_1_67' title='bbox 126 1088 156 1144; x_wconf 89' lang='lat' dir='ltr'>in</span> <span class='ocrx_word' id='word_1_68' title='bbox 174 1088 294 1146; x_wconf 71' lang='lat' dir='ltr'>solidum</span> <span class='ocrx_word' id='word_1_69' title='bbox 319 1099 435 1164; x_wconf 86' lang='lat' dir='ltr'>praetor</span> <span class='ocrx_word' id='word_1_70' title='bbox 454 1088 588 1148; x_wconf 72' lang='lat' dir='ltr'>advertus</span> <span class='ocrx_word' id='word_1_71' title='bbox 606 1090 750 1149; x_wconf 88' lang='lat' dir='ltr'>dominum</span> <span class='ocrx_word' id='word_1_72' title='bbox 771 1092 909 1150; x_wconf 81' lang='lat' dir='ltr'>actionem</span> <span class='ocrx_word' id='word_1_73' title='bbox 928 1093 1089 1168; x_wconf 83' lang='lat' dir='ltr'>pollicetur,</span> 
     </span>
     <span class='ocr_line' id='line_1_11' title="bbox 125 1161 1092 1241; baseline 0.006 -23"><span class='ocrx_word' id='word_1_74' title='bbox 125 1161 233 1220; x_wconf 77' lang='lat' dir='ltr'>aeilieet</span> <span class='ocrx_word' id='word_1_75' title='bbox 278 1161 342 1234; x_wconf 92' lang='lat' dir='ltr'>uia,</span> <span class='ocrx_word' id='word_1_76' title='bbox 370 1162 417 1239; x_wconf 88' lang='lat' dir='ltr'>qui</span> <span class='ocrx_word' id='word_1_77' title='bbox 441 1163 481 1218; x_wconf 84' lang='lat' dir='ltr'>ita</span> <span class='ocrx_word' id='word_1_78' title='bbox 506 1163 661 1233; x_wconf 73' lang='lat' dir='ltr'>contrahit,</span> <span class='ocrx_word' id='word_1_79' title='bbox 687 1164 771 1224; x_wconf 88' lang='lat' dir='ltr'>fidem</span> <span class='ocrx_word' id='word_1_80' title='bbox 792 1165 896 1222; x_wconf 79' lang='lat' dir='ltr'>donnini</span> <span class='ocrx_word' id='word_1_81' title='bbox 913 1166 993 1241; x_wconf 81' lang='lat' dir='ltr'>aequi</span> <span class='ocrx_word' id='word_1_82' title='bbox 1011 1165 1092 1224; x_wconf 83' lang='lat' dir='ltr'>ride·</span> 
     </span>
     <span class='ocr_line' id='line_1_12' title="bbox 125 1179 1119 1312; baseline 0.003 -21"><span class='ocrx_word' id='word_1_83' title='bbox 125 1233 222 1311; x_wconf 64' lang='grc' dir='ltr'><strong>ευτ’).</strong></span> <span class='ocrx_word' id='word_1_84' title='bbox 257 1179 367 1293; x_wconf 50' lang='lat' dir='ltr'>{adem</span> <span class='ocrx_word' id='word_1_85' title='bbox 386 1236 497 1293; x_wconf 86' lang='lat' dir='ltr'>ratione</span> <span class='ocrx_word' id='word_1_86' title='bbox 512 1245 628 1312; x_wconf 89' lang='lat' dir='ltr'>praetor</span> <span class='ocrx_word' id='word_1_87' title='bbox 646 1238 716 1296; x_wconf 81' lang='lat' dir='ltr'>duaa</span> <span class='ocrx_word' id='word_1_88' title='bbox 733 1238 801 1296; x_wconf 76' lang='lat' dir='ltr'>aliar</span> <span class='ocrx_word' id='word_1_89' title='bbox 820 1238 981 1300; x_wconf 75' lang='lat' dir='ltr'>insolidum</span> <span class='ocrx_word' id='word_1_90' title='bbox 1000 1240 1119 1296; x_wconf 80' lang='lat' dir='ltr'>aetio-a</span> 
     </span>
     <span class='ocr_line' id='line_1_13' title="bbox 125 1309 1091 1438; baseline 0.006 -73"><span class='ocrx_word' id='word_1_91' title='bbox 125 1326 178 1366; x_wconf 82' lang='lat' dir='ltr'>ner</span> <span class='ocrx_word' id='word_1_92' title='bbox 203 1309 367 1438; x_wconf 87' lang='lat' dir='ltr'>pollicetur,</span> <span class='ocrx_word' id='word_1_93' title='bbox 395 1327 514 1386; x_wconf 88' lang='lat' dir='ltr'>quarum</span> <span class='ocrx_word' id='word_1_94' title='bbox 541 1310 628 1368; x_wconf 88' lang='lat' dir='ltr'>altera</span> <span class='ocrx_word' id='word_1_95' title='bbox 652 1314 825 1382; x_wconf 65' lang='lat' dir='ltr'>moritorlu,</span> <span class='ocrx_word' id='word_1_96' title='bbox 851 1312 938 1370; x_wconf 88' lang='lat' dir='ltr'>altera</span> <span class='ocrx_word' id='word_1_97' title='bbox 957 1313 1091 1371; x_wconf 56' lang='lat' dir='ltr'>holitorio</span> 
     </span>
     <span class='ocr_line' id='line_1_14' title="bbox 125 1381 1091 1462; baseline 0.004 -24"><span class='ocrx_word' id='word_1_98' title='bbox 125 1383 294 1458; x_wconf 79' lang='lat' dir='ltr'>appelatur.</span> <span class='ocrx_word' id='word_1_99' title='bbox 330 1381 507 1441; x_wconf 73' lang='lat' dir='ltr'>Exercitoria</span> <span class='ocrx_word' id='word_1_100' title='bbox 534 1391 600 1442; x_wconf 87' lang='lat' dir='ltr'>tune</span> <span class='ocrx_word' id='word_1_101' title='bbox 623 1385 714 1442; x_wconf 83' lang='lat' dir='ltr'>lorum</span> <span class='ocrx_word' id='word_1_102' title='bbox 740 1387 842 1454; x_wconf 81' lang='lat' dir='ltr'>habet,</span> <span class='ocrx_word' id='word_1_103' title='bbox 867 1405 929 1443; x_wconf 85' lang='lat' dir='ltr'>euru</span> <span class='ocrx_word' id='word_1_104' title='bbox 949 1386 1011 1462; x_wconf 81' lang='lat' dir='ltr'>quia</span> <span class='ocrx_word' id='word_1_105' title='bbox 1029 1405 1091 1444; x_wconf 80' lang='lat' dir='ltr'>rer-</span> 
     </span>
     <span class='ocr_line' id='line_1_15' title="bbox 126 1457 1090 1535; baseline 0.006 -24"><span class='ocrx_word' id='word_1_106' title='bbox 126 1473 191 1513; x_wconf 87' lang='lat' dir='ltr'>rum</span> <span class='ocrx_word' id='word_1_107' title='bbox 216 1475 296 1514; x_wconf 81' lang='lat' dir='ltr'>uuum</span> <span class='ocrx_word' id='word_1_108' title='bbox 322 1457 484 1532; x_wconf 75' lang='lat' dir='ltr'>magistrum</span> <span class='ocrx_word' id='word_1_109' title='bbox 509 1458 621 1533; x_wconf 64' lang='lat' dir='ltr'>nerlu)</span> <span class='ocrx_word' id='word_1_110' title='bbox 649 1459 861 1535; x_wconf 71' lang='lat' dir='ltr'>praeposuerit,</span> <span class='ocrx_word' id='word_1_111' title='bbox 887 1469 915 1517; x_wconf 91' lang='lat' dir='ltr'>et</span> <span class='ocrx_word' id='word_1_112' title='bbox 939 1458 1006 1535; x_wconf 91' lang='lat' dir='ltr'>quid</span> <span class='ocrx_word' id='word_1_113' title='bbox 1026 1477 1090 1517; x_wconf 86' lang='lat' dir='ltr'>oum</span> 
     </span>
     <span class='ocr_line' id='line_1_16' title="bbox 125 1530 1089 1666; baseline 0.004 -80"><span class='ocrx_word' id='word_1_114' title='bbox 125 1530 302 1660; x_wconf 56' lang='lat' dir='ltr'>epepiurtrei</span> <span class='ocrx_word' id='word_1_115' title='bbox 323 1531 496 1663; x_wconf 49' lang='lat' dir='ltr'>&amp;mi</span> <span class='ocrx_word' id='word_1_116' title='bbox 513 1533 693 1662; x_wconf 69' lang='lat' dir='ltr'>prappouituq</span> <span class='ocrx_word' id='word_1_117' title='bbox 709 1534 977 1666; x_wconf 54' lang='lat' dir='ltr'>erit,mnquntraretnnlr¹</span> <span class='ocrx_word' id='word_1_118' title='bbox 994 1532 1089 1662; x_wconf 53' lang='lat' dir='ltr'>fuerit.</span> 
     </span>
     <span class='ocr_line' id='line_1_17' title="bbox 124 1621 1041 1663; baseline 0.003 -3"><span class='ocrx_word' id='word_1_119' title='bbox 124 1621 136 1659; x_wconf 89' lang='lat' dir='ltr'>r</span> <span class='ocrx_word' id='word_1_120' title='bbox 211 1621 356 1661; x_wconf 80' lang='lat' dir='ltr'>auemeu</span> <span class='ocrx_word' id='word_1_121' title='bbox 498 1622 612 1661; x_wconf 82' lang='lat' dir='ltr'>voeaur</span> <span class='ocrx_word' id='word_1_122' title='bbox 667 1624 713 1662; x_wconf 86' lang='lat' dir='ltr'>ura</span> <span class='ocrx_word' id='word_1_123' title='bbox 882 1624 899 1663; x_wconf 91' lang='lat' dir='ltr'>a</span> <span class='ocrx_word' id='word_1_124' title='bbox 940 1624 1041 1663; x_wconf 86' lang='lat' dir='ltr'>eaur</span> 
     </span>
     <span class='ocr_line' id='line_1_18' title="bbox 126 1625 1090 1754; baseline 0.004 -21"><span class='ocrx_word' id='word_1_125' title='bbox 126 1677 164 1733; x_wconf 89' lang='lat' dir='ltr'>ad</span> <span class='ocrx_word' id='word_1_126' title='bbox 184 1695 268 1753; x_wconf 88' lang='lat' dir='ltr'>quem</span> <span class='ocrx_word' id='word_1_127' title='bbox 288 1678 444 1734; x_wconf 76' lang='lat' dir='ltr'>cotidianus</span> <span class='ocrx_word' id='word_1_128' title='bbox 463 1678 541 1734; x_wconf 85' lang='lat' dir='ltr'>naria</span> <span class='ocrx_word' id='word_1_129' title='bbox 556 1625 687 1754; x_wconf 57' lang='lat' dir='ltr'>qnut’rrtiu</span> <span class='ocrx_word' id='word_1_130' title='bbox 701 1681 832 1754; x_wconf 81' lang='lat' dir='ltr'>pertinet.</span> <span class='ocrx_word' id='word_1_131' title='bbox 869 1626 1010 1738; x_wconf 50' lang='lat' dir='ltr'>Inititoria</span> <span class='ocrx_word' id='word_1_132' title='bbox 1024 1625 1090 1738; x_wconf 54' lang='grc' dir='ltr'>ῐιιιῗέ</span> 
     </span>
     <span class='ocr_line' id='line_1_19' title="bbox 124 1749 1090 1829; baseline 0.005 -22"><span class='ocrx_word' id='word_1_133' title='bbox 124 1751 218 1808; x_wconf 85' lang='lat' dir='ltr'>lorum</span> <span class='ocrx_word' id='word_1_134' title='bbox 245 1749 348 1820; x_wconf 85' lang='lat' dir='ltr'>habet,</span> <span class='ocrx_word' id='word_1_135' title='bbox 372 1770 434 1808; x_wconf 85' lang='lat' dir='ltr'>rum</span> <span class='ocrx_word' id='word_1_136' title='bbox 460 1751 521 1828; x_wconf 82' lang='lat' dir='ltr'>quir</span> <span class='ocrx_word' id='word_1_137' title='bbox 547 1753 682 1810; x_wconf 86' lang='lat' dir='ltr'>tabernae</span> <span class='ocrx_word' id='word_1_138' title='bbox 705 1752 779 1810; x_wconf 83' lang='lat' dir='ltr'>sorte</span> <span class='ocrx_word' id='word_1_139' title='bbox 799 1761 848 1809; x_wconf 90' lang='lat' dir='ltr'>aut</span> <span class='ocrx_word' id='word_1_140' title='bbox 867 1754 979 1810; x_wconf 87' lang='lat' dir='ltr'>cuilibet</span> <span class='ocrx_word' id='word_1_141' title='bbox 999 1772 1090 1829; x_wconf 85' lang='lat' dir='ltr'>nego·</span> 
     </span>
     <span class='ocr_line' id='line_1_20' title="bbox 126 1824 1088 1902; baseline 0.003 -21"><span class='ocrx_word' id='word_1_142' title='bbox 126 1824 235 1881; x_wconf 90' lang='lat' dir='ltr'>tiationi</span> <span class='ocrx_word' id='word_1_143' title='bbox 254 1843 364 1882; x_wconf 77' lang='lat' dir='ltr'>terrum</span> <span class='ocrx_word' id='word_1_144' title='bbox 383 1825 595 1901; x_wconf 67' lang='lat' dir='ltr'>praeponent,</span> <span class='ocrx_word' id='word_1_145' title='bbox 612 1835 641 1882; x_wconf 91' lang='lat' dir='ltr'>et</span> <span class='ocrx_word' id='word_1_146' title='bbox 657 1825 724 1902; x_wconf 89' lang='lat' dir='ltr'>qnid</span> <span class='ocrx_word' id='word_1_147' title='bbox 741 1845 803 1886; x_wconf 88' lang='lat' dir='ltr'>oum</span> <span class='ocrx_word' id='word_1_148' title='bbox 818 1843 852 1883; x_wconf 85' lang='lat' dir='ltr'>eo</span> <span class='ocrx_word' id='word_1_149' title='bbox 865 1827 925 1883; x_wconf 82' lang='lat' dir='ltr'>eiua</span> <span class='ocrx_word' id='word_1_150' title='bbox 938 1827 979 1885; x_wconf 89' lang='lat' dir='ltr'>rei</span> <span class='ocrx_word' id='word_1_151' title='bbox 994 1845 1088 1901; x_wconf 78' lang='lat' dir='ltr'>causa,</span> 
     </span>
     <span class='ocr_line' id='line_1_21' title="bbox 125 1898 1090 1974; baseline 0.005 -20"><span class='ocrx_word' id='word_1_152' title='bbox 125 1899 172 1954; x_wconf 89' lang='lat' dir='ltr'>oni</span> <span class='ocrx_word' id='word_1_153' title='bbox 191 1898 368 1974; x_wconf 79' lang='lat' dir='ltr'>praeponitur</span> <span class='ocrx_word' id='word_1_154' title='bbox 388 1899 457 1971; x_wconf 87' lang='lat' dir='ltr'>erit,</span> <span class='ocrx_word' id='word_1_155' title='bbox 482 1908 654 1956; x_wconf 77' lang='lat' dir='ltr'>contractum</span> <span class='ocrx_word' id='word_1_156' title='bbox 679 1899 774 1958; x_wconf 82' lang='lat' dir='ltr'>suerit.</span> <span class='ocrx_word' id='word_1_157' title='bbox 811 1899 877 1956; x_wconf 89' lang='lat' dir='ltr'>ideo</span> <span class='ocrx_word' id='word_1_158' title='bbox 898 1912 991 1956; x_wconf 85' lang='lat' dir='ltr'>autem</span> <span class='ocrx_word' id='word_1_159' title='bbox 1008 1903 1090 1959; x_wconf 76' lang='lat' dir='ltr'>luati-</span> 
     </span>
     <span class='ocr_line' id='line_1_22' title="bbox 124 1972 1089 2050; baseline 0.001 -21"><span class='ocrx_word' id='word_1_160' title='bbox 124 1974 198 2029; x_wconf 87' lang='lat' dir='ltr'>toriu</span> <span class='ocrx_word' id='word_1_161' title='bbox 225 1973 399 2048; x_wconf 87' lang='lat' dir='ltr'>appellatur,</span> <span class='ocrx_word' id='word_1_162' title='bbox 424 1973 506 2048; x_wconf 88' lang='lat' dir='ltr'>quia,</span> <span class='ocrx_word' id='word_1_163' title='bbox 531 1972 579 2049; x_wconf 94' lang='lat' dir='ltr'>qui</span> <span class='ocrx_word' id='word_1_164' title='bbox 604 1973 841 2048; x_wconf 72' lang='lat' dir='ltr'>negotiationibus</span> <span class='ocrx_word' id='word_1_165' title='bbox 866 1983 1089 2050; x_wconf 87' lang='lat' dir='ltr'>praeponuntur,</span> 
     </span>
     <span class='ocr_line' id='line_1_23' title="bbox 125 2045 1089 2122; baseline 0.001 -20"><span class='ocrx_word' id='word_1_166' title='bbox 125 2047 262 2103; x_wconf 74' lang='lat' dir='ltr'>inutilem</span> <span class='ocrx_word' id='word_1_167' title='bbox 278 2055 421 2105; x_wconf 83' lang='lat' dir='ltr'>rorantur.</span> <span class='ocrx_word' id='word_1_168' title='bbox 457 2045 528 2103; x_wconf 76' lang='lat' dir='ltr'>lutat</span> <span class='ocrx_word' id='word_1_169' title='bbox 544 2056 638 2104; x_wconf 84' lang='lat' dir='ltr'>tamen</span> <span class='ocrx_word' id='word_1_170' title='bbox 657 2046 727 2104; x_wconf 81' lang='lat' dir='ltr'>duaa</span> <span class='ocrx_word' id='word_1_171' title='bbox 746 2047 870 2104; x_wconf 69' lang='lat' dir='ltr'>actiones</span> <span class='ocrx_word' id='word_1_172' title='bbox 887 2057 1003 2122; x_wconf 88' lang='lat' dir='ltr'>praetor</span> <span class='ocrx_word' id='word_1_173' title='bbox 1020 2046 1089 2104; x_wconf 92' lang='lat' dir='ltr'>red-</span> 
     </span>
     <span class='ocr_line' id='line_1_24' title="bbox 125 2117 1089 2195; baseline 0.004 -21"><span class='ocrx_word' id='word_1_174' title='bbox 125 2117 184 2192; x_wconf 89' lang='lat' dir='ltr'>dit,</span> <span class='ocrx_word' id='word_1_175' title='bbox 211 2119 263 2176; x_wconf 82' lang='lat' dir='ltr'>etsi</span> <span class='ocrx_word' id='word_1_176' title='bbox 285 2120 403 2176; x_wconf 88' lang='lat' dir='ltr'>liberum</span> <span class='ocrx_word' id='word_1_177' title='bbox 422 2119 485 2195; x_wconf 83' lang='lat' dir='ltr'>quir</span> <span class='ocrx_word' id='word_1_178' title='bbox 502 2119 660 2192; x_wconf 89' lang='lat' dir='ltr'>homiuem,</span> <span class='ocrx_word' id='word_1_179' title='bbox 686 2131 735 2177; x_wconf 81' lang='lat' dir='ltr'>aut</span> <span class='ocrx_word' id='word_1_180' title='bbox 751 2121 872 2178; x_wconf 85' lang='lat' dir='ltr'>alienum</span> <span class='ocrx_word' id='word_1_181' title='bbox 894 2138 1003 2178; x_wconf 78' lang='lat' dir='ltr'>serrum</span> <span class='ocrx_word' id='word_1_182' title='bbox 1025 2120 1089 2178; x_wconf 83' lang='lat' dir='ltr'>nuri</span> 
     </span>
     <span class='ocr_line' id='line_1_25' title="bbox 125 2193 1089 2282; baseline 0.003 -34"><span class='ocrx_word' id='word_1_183' title='bbox 125 2202 177 2248; x_wconf 90' lang='lat' dir='ltr'>ant</span> <span class='ocrx_word' id='word_1_184' title='bbox 195 2194 329 2252; x_wconf 78' lang='lat' dir='ltr'>tabernae</span> <span class='ocrx_word' id='word_1_185' title='bbox 349 2203 398 2251; x_wconf 82' lang='lat' dir='ltr'>aut</span> <span class='ocrx_word' id='word_1_186' title='bbox 416 2193 528 2250; x_wconf 82' lang='lat' dir='ltr'>cuilibet</span> <span class='ocrx_word' id='word_1_187' title='bbox 547 2193 728 2270; x_wconf 76' lang='lat' dir='ltr'>negotiationi</span> <span class='ocrx_word' id='word_1_188' title='bbox 748 2194 963 2282; x_wconf 77' lang='lat' dir='ltr'>praeppsnerit,</span> <span class='ocrx_word' id='word_1_189' title='bbox 984 2194 1089 2251; x_wconf 78' lang='lat' dir='ltr'>scilieet</span> 
     </span>
    </p>
   </div>
   <div class='ocr_carea' id='block_1_5' title="bbox 124 2264 1117 2417">
    <p class='ocr_par' dir='ltr' id='par_1_7' title="bbox 124 2264 1117 2417">
     <span class='ocr_line' id='line_1_26' title="bbox 147 2264 1088 2343; baseline 0.006 -23"><span class='ocrx_word' id='word_1_190' title='bbox 147 2264 193 2322; x_wconf 91' lang='lat' dir='ltr'>nia</span> <span class='ocrx_word' id='word_1_191' title='bbox 217 2267 317 2325; x_wconf 87' lang='lat' dir='ltr'>eudem</span> <span class='ocrx_word' id='word_1_192' title='bbox 337 2285 371 2325; x_wconf 88' lang='lat' dir='ltr'>ae</span> <span class='ocrx_word' id='word_1_193' title='bbox 390 2267 485 2324; x_wconf 81' lang='lat' dir='ltr'>uitatia</span> <span class='ocrx_word' id='word_1_194' title='bbox 502 2268 575 2324; x_wconf 89' lang='lat' dir='ltr'>ratio</span> <span class='ocrx_word' id='word_1_195' title='bbox 592 2269 676 2325; x_wconf 85' lang='lat' dir='ltr'>etiam</span> <span class='ocrx_word' id='word_1_196' title='bbox 696 2286 732 2325; x_wconf 92' lang='lat' dir='ltr'>en</span> <span class='ocrx_word' id='word_1_197' title='bbox 751 2286 818 2325; x_wconf 82' lang='lat' dir='ltr'>caru</span> <span class='ocrx_word' id='word_1_198' title='bbox 835 2268 1038 2325; x_wconf 82' lang='lat' dir='ltr'>rnterreniebat</span> <span class='ocrx_word' id='word_1_199' title='bbox 1047 2265 1088 2343; x_wconf 82' lang='lat'>⁴).</span> 
     </span>
     <span class='ocr_line' id='line_1_27' title="bbox 124 2283 1117 2417; baseline 0.007 -22"><span class='ocrx_word' id='word_1_200' title='bbox 124 2283 284 2398; x_wconf 59' lang='lat' dir='ltr'>introduxit</span> <span class='ocrx_word' id='word_1_201' title='bbox 309 2350 338 2398; x_wconf 88' lang='lat' dir='ltr'>et</span> <span class='ocrx_word' id='word_1_202' title='bbox 363 2286 446 2398; x_wconf 60' lang='lat' dir='ltr'>{iiiam</span> <span class='ocrx_word' id='word_1_203' title='bbox 472 2341 610 2399; x_wconf 79' lang='lat' dir='ltr'>actionem</span> <span class='ocrx_word' id='word_1_204' title='bbox 630 2351 762 2417; x_wconf 85' lang='lat' dir='ltr'>praetor,</span> <span class='ocrx_word' id='word_1_205' title='bbox 790 2359 863 2417; x_wconf 89' lang='lat' dir='ltr'>quae</span> <span class='ocrx_word' id='word_1_206' title='bbox 880 2341 1019 2400; x_wconf 60' lang='lat' dir='ltr'>tfllrdnrio</span> <span class='ocrx_word' id='word_1_207' title='bbox 1038 2357 1117 2402; x_wconf 55' lang='lat' dir='ltr'>rod</span> 
     </span>
    </p>
   </div>
   <div class='ocr_carea' id='block_1_6' title="bbox 121 2413 1115 3448">
    <p class='ocr_par' dir='ltr' id='par_1_8' title="bbox 121 2413 1115 3448">
     <span class='ocr_line' id='line_1_28' title="bbox 125 2413 1088 2491; baseline 0 -19"><span class='ocrx_word' id='word_1_208' title='bbox 125 2423 215 2472; x_wconf 84' lang='lat' dir='ltr'>eatur.</span> <span class='ocrx_word' id='word_1_209' title='bbox 253 2413 405 2490; x_wconf 86' lang='lat' dir='ltr'>Namque,</span> <span class='ocrx_word' id='word_1_210' title='bbox 427 2415 451 2471; x_wconf 84' lang='lat' dir='ltr'>ri</span> <span class='ocrx_word' id='word_1_211' title='bbox 470 2431 565 2473; x_wconf 70' lang='lat' dir='ltr'>servus</span> <span class='ocrx_word' id='word_1_212' title='bbox 586 2415 614 2472; x_wconf 92' lang='lat' dir='ltr'>iu</span> <span class='ocrx_word' id='word_1_213' title='bbox 634 2415 768 2491; x_wconf 80' lang='lat' dir='ltr'>peculiari</span> <span class='ocrx_word' id='word_1_214' title='bbox 788 2433 895 2488; x_wconf 86' lang='lat' dir='ltr'>merce,</span> <span class='ocrx_word' id='word_1_215' title='bbox 915 2417 1021 2473; x_wconf 78' lang='lat' dir='ltr'>sciente</span> <span class='ocrx_word' id='word_1_216' title='bbox 1034 2415 1088 2472; x_wconf 89' lang='lat' dir='ltr'>do·</span> 
     </span>
     <span class='ocr_line' id='line_1_29' title="bbox 124 2488 1087 2564; baseline 0.002 -20"><span class='ocrx_word' id='word_1_217' title='bbox 124 2488 219 2560; x_wconf 86' lang='lat' dir='ltr'>mino,</span> <span class='ocrx_word' id='word_1_218' title='bbox 236 2489 409 2564; x_wconf 84' lang='lat' dir='ltr'>negotietur,</span> <span class='ocrx_word' id='word_1_219' title='bbox 425 2497 454 2545; x_wconf 91' lang='lat' dir='ltr'>et</span> <span class='ocrx_word' id='word_1_220' title='bbox 468 2488 535 2564; x_wconf 92' lang='lat' dir='ltr'>quid</span> <span class='ocrx_word' id='word_1_221' title='bbox 549 2508 611 2547; x_wconf 87' lang='lat' dir='ltr'>rum</span> <span class='ocrx_word' id='word_1_222' title='bbox 629 2508 664 2548; x_wconf 88' lang='lat' dir='ltr'>eo</span> <span class='ocrx_word' id='word_1_223' title='bbox 678 2490 737 2547; x_wconf 87' lang='lat' dir='ltr'>eina</span> <span class='ocrx_word' id='word_1_224' title='bbox 756 2490 798 2547; x_wconf 91' lang='lat' dir='ltr'>rei</span> <span class='ocrx_word' id='word_1_225' title='bbox 815 2507 900 2547; x_wconf 81' lang='lat' dir='ltr'>cauae</span> <span class='ocrx_word' id='word_1_226' title='bbox 915 2499 1087 2547; x_wconf 70' lang='lat' dir='ltr'>conuentum</span> 
     </span>
     <span class='ocr_line' id='line_1_30' title="bbox 124 2560 1088 2640; baseline 0.004 -24"><span class='ocrx_word' id='word_1_227' title='bbox 124 2560 198 2633; x_wconf 87' lang='lat' dir='ltr'>erit,</span> <span class='ocrx_word' id='word_1_228' title='bbox 225 2563 264 2618; x_wconf 92' lang='lat' dir='ltr'>ita</span> <span class='ocrx_word' id='word_1_229' title='bbox 311 2573 405 2620; x_wconf 86' lang='lat' dir='ltr'>raetor</span> <span class='ocrx_word' id='word_1_230' title='bbox 429 2563 471 2619; x_wconf 88' lang='lat' dir='ltr'>iua</span> <span class='ocrx_word' id='word_1_231' title='bbox 497 2562 581 2634; x_wconf 83' lang='lat' dir='ltr'>dicit,</span> <span class='ocrx_word' id='word_1_232' title='bbox 606 2573 651 2638; x_wconf 88' lang='lat' dir='ltr'>ut,</span> <span class='ocrx_word' id='word_1_233' title='bbox 677 2564 724 2640; x_wconf 89' lang='lat' dir='ltr'>qui</span> <span class='ocrx_word' id='word_1_234' title='bbox 761 2563 808 2620; x_wconf 90' lang='lat' dir='ltr'>uid</span> <span class='ocrx_word' id='word_1_235' title='bbox 834 2563 863 2620; x_wconf 87' lang='lat' dir='ltr'>iu</span> <span class='ocrx_word' id='word_1_236' title='bbox 886 2564 930 2620; x_wconf 78' lang='lat' dir='ltr'>iris</span> <span class='ocrx_word' id='word_1_237' title='bbox 949 2563 1088 2622; x_wconf 77' lang='lat' dir='ltr'>mercibut</span> 
     </span>
     <span class='ocr_line' id='line_1_31' title="bbox 124 2633 1088 2723; baseline 0.001 -31"><span class='ocrx_word' id='word_1_238' title='bbox 124 2633 180 2692; x_wconf 90' lang='lat' dir='ltr'>erit</span> <span class='ocrx_word' id='word_1_239' title='bbox 222 2652 278 2723; x_wconf 85' lang='lat' dir='ltr'>quo</span> <span class='ocrx_word' id='word_1_240' title='bbox 300 2653 355 2711; x_wconf 92' lang='lat' dir='ltr'>que</span> <span class='ocrx_word' id='word_1_241' title='bbox 379 2634 446 2693; x_wconf 89' lang='lat' dir='ltr'>inde</span> <span class='ocrx_word' id='word_1_242' title='bbox 470 2646 614 2712; x_wconf 82' lang='lat' dir='ltr'>receptum</span> <span class='ocrx_word' id='word_1_243' title='bbox 641 2638 710 2710; x_wconf 87' lang='lat' dir='ltr'>erit,</span> <span class='ocrx_word' id='word_1_244' title='bbox 731 2638 741 2693; x_wconf 94' lang='lat' dir='ltr'>i</span> <span class='ocrx_word' id='word_1_245' title='bbox 787 2637 860 2694; x_wconf 90' lang='lat' dir='ltr'>iuter</span> <span class='ocrx_word' id='word_1_246' title='bbox 880 2637 1041 2708; x_wconf 86' lang='lat' dir='ltr'>dominum,</span> <span class='ocrx_word' id='word_1_247' title='bbox 1063 2637 1088 2694; x_wconf 80' lang='lat' dir='ltr'>ui</span> 
     </span>
     <span class='ocr_line' id='line_1_32' title="bbox 146 2675 1087 2798; baseline 0.004 -35"><span class='ocrx_word' id='word_1_248' title='bbox 146 2675 196 2764; x_wconf 75' lang='lat' dir='ltr'>uid</span> <span class='ocrx_word' id='word_1_249' title='bbox 214 2725 240 2765; x_wconf 87' lang='lat' dir='ltr'>er</span> <span class='ocrx_word' id='word_1_250' title='bbox 260 2709 408 2766; x_wconf 87' lang='lat' dir='ltr'>debebitur</span> <span class='ocrx_word' id='word_1_251' title='bbox 451 2719 480 2766; x_wconf 89' lang='lat' dir='ltr'>et</span> <span class='ocrx_word' id='word_1_252' title='bbox 504 2721 613 2768; x_wconf 70' lang='lat' dir='ltr'>ceteros</span> <span class='ocrx_word' id='word_1_253' title='bbox 631 2711 781 2770; x_wconf 72' lang='lat' dir='ltr'>creditores</span> <span class='ocrx_word' id='word_1_254' title='bbox 801 2729 854 2798; x_wconf 89' lang='lat' dir='ltr'>pro</span> <span class='ocrx_word' id='word_1_255' title='bbox 877 2719 939 2767; x_wconf 82' lang='lat' dir='ltr'>ruta</span> <span class='ocrx_word' id='word_1_256' title='bbox 956 2710 1087 2786; x_wconf 87' lang='lat' dir='ltr'>portione</span> 
     </span>
     <span class='ocr_line' id='line_1_33' title="bbox 124 2726 1087 2859; baseline -0.001 -21"><span class='ocrx_word' id='word_1_257' title='bbox 124 2726 316 2842; x_wconf 65' lang='lat' dir='ltr'>incurratur.</span> <span class='ocrx_word' id='word_1_258' title='bbox 353 2781 391 2840; x_wconf 84' lang='lat' dir='ltr'>Et</span> <span class='ocrx_word' id='word_1_259' title='bbox 400 2751 428 2859; x_wconf 59' lang='lat'>¹5</span> <span class='ocrx_word' id='word_1_260' title='bbox 448 2783 514 2859; x_wconf 89' lang='lat' dir='ltr'>qnia</span> <span class='ocrx_word' id='word_1_261' title='bbox 530 2784 584 2858; x_wconf 77' lang='lat' dir='ltr'>ipsi</span> <span class='ocrx_word' id='word_1_262' title='bbox 602 2783 716 2840; x_wconf 89' lang='lat' dir='ltr'>domino</span> <span class='ocrx_word' id='word_1_263' title='bbox 733 2783 954 2840; x_wconf 81' lang='lat' dir='ltr'>dirtrrlrutioneru</span> <span class='ocrx_word' id='word_1_264' title='bbox 970 2783 1087 2859; x_wconf 88' lang='lat' dir='ltr'>permit-</span> 
     </span>
     <span class='ocr_line' id='line_1_34' title="bbox 123 2852 1087 2933; baseline 0.001 -22"><span class='ocrx_word' id='word_1_265' title='bbox 123 2852 193 2930; x_wconf 76' lang='lat' dir='ltr'>tit‘)</span> <span class='ocrx_word' id='word_1_266' title='bbox 202 2893 217 2928; x_wconf 83' lang='lat'>,</span> <span class='ocrx_word' id='word_1_267' title='bbox 237 2856 260 2912; x_wconf 81' lang='lat' dir='ltr'>ai</span> <span class='ocrx_word' id='word_1_268' title='bbox 279 2856 341 2933; x_wconf 82' lang='lat' dir='ltr'>quia</span> <span class='ocrx_word' id='word_1_269' title='bbox 359 2875 396 2914; x_wconf 84' lang='lat' dir='ltr'>ex</span> <span class='ocrx_word' id='word_1_270' title='bbox 415 2857 598 2915; x_wconf 77' lang='lat' dir='ltr'>creditoribus</span> <span class='ocrx_word' id='word_1_271' title='bbox 616 2867 763 2932; x_wconf 84' lang='lat' dir='ltr'>queratur,</span> <span class='ocrx_word' id='word_1_272' title='bbox 782 2855 862 2930; x_wconf 77' lang='lat' dir='ltr'>quari</span> <span class='ocrx_word' id='word_1_273' title='bbox 881 2856 971 2913; x_wconf 78' lang='lat' dir='ltr'>minut</span> <span class='ocrx_word' id='word_1_274' title='bbox 990 2855 1016 2913; x_wconf 88' lang='lat' dir='ltr'>ei</span> <span class='ocrx_word' id='word_1_275' title='bbox 1034 2857 1087 2912; x_wconf 82' lang='lat' dir='ltr'>tri-</span> 
     </span>
     <span class='ocr_line' id='line_1_35' title="bbox 122 2927 1086 3006; baseline -0.002 -20"><span class='ocrx_word' id='word_1_276' title='bbox 122 2927 216 2986; x_wconf 76' lang='lat' dir='ltr'>butum</span> <span class='ocrx_word' id='word_1_277' title='bbox 234 2930 287 3003; x_wconf 81' lang='lat' dir='ltr'>rit,</span> <span class='ocrx_word' id='word_1_278' title='bbox 307 2948 390 3006; x_wconf 89' lang='lat' dir='ltr'>quarn</span> <span class='ocrx_word' id='word_1_279' title='bbox 410 2931 585 3006; x_wconf 87' lang='lat' dir='ltr'>oportuerit,</span> <span class='ocrx_word' id='word_1_280' title='bbox 605 2931 677 2986; x_wconf 87' lang='lat' dir='ltr'>lraue</span> <span class='ocrx_word' id='word_1_281' title='bbox 690 2930 715 2988; x_wconf 89' lang='lat' dir='ltr'>ei</span> <span class='ocrx_word' id='word_1_282' title='bbox 731 2930 869 2986; x_wconf 86' lang='lat' dir='ltr'>actionem</span> <span class='ocrx_word' id='word_1_283' title='bbox 883 2927 1086 3000; x_wconf 80' lang='lat' dir='ltr'>accommodat,</span> 
     </span>
     <span class='ocr_line' id='line_1_36' title="bbox 145 3000 1115 3134; baseline 0 -76"><span class='ocrx_word' id='word_1_284' title='bbox 145 3019 200 3059; x_wconf 88' lang='lat' dir='ltr'>uae</span> <span class='ocrx_word' id='word_1_285' title='bbox 217 3001 357 3062; x_wconf 77' lang='lat' dir='ltr'>trilrdorio</span> <span class='ocrx_word' id='word_1_286' title='bbox 376 3000 581 3134; x_wconf 45' lang='lat' dir='ltr'>appellatnrzp.</span> <span class='ocrx_word' id='word_1_287' title='bbox 616 3003 768 3060; x_wconf 84' lang='lat' dir='ltr'>Praeterea</span> <span class='ocrx_word' id='word_1_288' title='bbox 784 3002 942 3060; x_wconf 74' lang='lat' dir='ltr'>introductu</span> <span class='ocrx_word' id='word_1_289' title='bbox 956 3013 999 3061; x_wconf 86' lang='lat' dir='ltr'>eat</span> <span class='ocrx_word' id='word_1_290' title='bbox 1013 3003 1115 3060; x_wconf 77' lang='lat' dir='ltr'>aetiot</span> 
     </span>
     <span class='ocr_line' id='line_1_37' title="bbox 123 3021 1085 3154; baseline -0.001 -21"><span class='ocrx_word' id='word_1_291' title='bbox 123 3021 162 3133; x_wconf 52' lang='lat' dir='ltr'>de</span> <span class='ocrx_word' id='word_1_292' title='bbox 181 3077 291 3152; x_wconf 87' lang='lat' dir='ltr'>peculio</span> <span class='ocrx_word' id='word_1_293' title='bbox 309 3077 402 3154; x_wconf 86' lang='lat' dir='ltr'>deque</span> <span class='ocrx_word' id='word_1_294' title='bbox 421 3095 472 3146; x_wconf 88' lang='lat' dir='ltr'>en,</span> <span class='ocrx_word' id='word_1_295' title='bbox 491 3095 547 3153; x_wconf 91' lang='lat' dir='ltr'>quo</span> <span class='ocrx_word' id='word_1_296' title='bbox 584 3077 613 3132; x_wconf 87' lang='lat' dir='ltr'>in</span> <span class='ocrx_word' id='word_1_297' title='bbox 631 3096 690 3135; x_wconf 88' lang='lat' dir='ltr'>reru</span> <span class='ocrx_word' id='word_1_298' title='bbox 709 3076 814 3134; x_wconf 85' lang='lat' dir='ltr'>domiui</span> <span class='ocrx_word' id='word_1_299' title='bbox 831 3095 940 3135; x_wconf 74' lang='lat' dir='ltr'>veroum</span> <span class='ocrx_word' id='word_1_300' title='bbox 954 3077 1026 3148; x_wconf 84' lang='lat' dir='ltr'>erit,</span> <span class='ocrx_word' id='word_1_301' title='bbox 1046 3085 1085 3150; x_wconf 91' lang='lat' dir='ltr'>ut,</span> 
     </span>
     <span class='ocr_line' id='line_1_38' title="bbox 122 3149 1087 3226; baseline 0.001 -20"><span class='ocrx_word' id='word_1_302' title='bbox 122 3150 251 3226; x_wconf 71' lang='lat' dir='ltr'>quamvis</span> <span class='ocrx_word' id='word_1_303' title='bbox 271 3151 332 3207; x_wconf 84' lang='lat' dir='ltr'>aine</span> <span class='ocrx_word' id='word_1_304' title='bbox 357 3151 500 3207; x_wconf 82' lang='lat' dir='ltr'>voluntate</span> <span class='ocrx_word' id='word_1_305' title='bbox 525 3149 630 3207; x_wconf 86' lang='lat' dir='ltr'>domini</span> <span class='ocrx_word' id='word_1_306' title='bbox 651 3151 793 3226; x_wconf 84' lang='lat' dir='ltr'>negotium</span> <span class='ocrx_word' id='word_1_307' title='bbox 815 3162 924 3226; x_wconf 78' lang='lat' dir='ltr'>gentum</span> <span class='ocrx_word' id='word_1_308' title='bbox 946 3153 1015 3223; x_wconf 90' lang='lat' dir='ltr'>erit,</span> <span class='ocrx_word' id='word_1_309' title='bbox 1040 3160 1087 3207; x_wconf 85' lang='lat' dir='ltr'>ta-</span> 
     </span>
     <span class='ocr_line' id='line_1_39' title="bbox 121 3223 1086 3356; baseline 0 -3"><span class='ocrx_word' id='word_1_310' title='bbox 121 3240 207 3353; x_wconf 69' lang='lat' dir='ltr'>:etr</span> <span class='ocrx_word' id='word_1_311' title='bbox 226 3223 1086 3356; x_wconf 51' lang='lat' dir='ltr'>iterii‚lrfftt‘lr‘zt&#39;tlttl’il‘ttltl&#39;tr</span> 
     </span>
     <span class='ocr_line' id='line_1_40' title="bbox 123 3316 1086 3448; baseline 0.002 -22"><span class='ocrx_word' id='word_1_312' title='bbox 123 3379 244 3428; x_wconf 72' lang='lat' dir='ltr'>eatenus</span> <span class='ocrx_word' id='word_1_313' title='bbox 267 3334 413 3447; x_wconf 53' lang='lat' dir='ltr'>proritare</span> <span class='ocrx_word' id='word_1_314' title='bbox 440 3316 561 3446; x_wconf 58' lang='lat' dir='ltr'>ditent,</span> <span class='ocrx_word' id='word_1_315' title='bbox 587 3381 724 3448; x_wconf 77' lang='lat' dir='ltr'>quatenus</span> <span class='ocrx_word' id='word_1_316' title='bbox 742 3372 882 3448; x_wconf 81' lang='lat' dir='ltr'>peculium</span> <span class='ocrx_word' id='word_1_317' title='bbox 901 3335 1036 3447; x_wconf 53' lang='lat' dir='ltr'>patitur,</span> <span class='ocrx_word' id='word_1_318' title='bbox 1053 3369 1086 3428; x_wconf 90' lang='lat' dir='ltr'>lu</span> 
     </span>
    </p>
   </div>
   <div class='ocr_carea' id='block_1_7' title="bbox 179 3545 986 3600">
    <p class='ocr_par' dir='ltr' id='par_1_9' title="bbox 179 3545 986 3600">
     <span class='ocr_line' id='line_1_41' title="bbox 179 3545 986 3600; baseline 0.001 -11"><span class='ocrx_word' id='word_1_319' title='bbox 179 3546 201 3598; x_wconf 85' lang='lat' dir='ltr'>o)</span> <span class='ocrx_word' id='word_1_320' title='bbox 215 3547 276 3590; x_wconf 71' lang='lat' dir='ltr'>utut.</span> <span class='ocrx_word' id='word_1_321' title='bbox 291 3567 321 3580; x_wconf 89' lang='lat'>·-</span> <span class='ocrx_word' id='word_1_322' title='bbox 349 3545 373 3599; x_wconf 84' lang='lat' dir='ltr'>d)</span> <span class='ocrx_word' id='word_1_323' title='bbox 388 3545 487 3590; x_wconf 72' lang='lat' dir='ltr'>neuen</span> <span class='ocrx_word' id='word_1_324' title='bbox 501 3546 625 3592; x_wconf 68' lang='lat' dir='ltr'>merdario</span> <span class='ocrx_word' id='word_1_325' title='bbox 638 3548 744 3594; x_wconf 64' lang='lat' dir='ltr'>nucum.</span> <span class='ocrx_word' id='word_1_326' title='bbox 760 3567 788 3580; x_wconf 92' lang='lat'>-</span> <span class='ocrx_word' id='word_1_327' title='bbox 817 3549 839 3600; x_wconf 87' lang='lat' dir='ltr'>e)</span> <span class='ocrx_word' id='word_1_328' title='bbox 852 3547 947 3600; x_wconf 79' lang='lat' dir='ltr'>praetor</span> <span class='ocrx_word' id='word_1_329' title='bbox 962 3557 986 3600; x_wconf 82' lang='grc' dir='ltr'>ρ.</span> 
     </span>
    </p>
   </div>
   <div class='ocr_carea' id='block_1_8' title="bbox 118 3684 1085 3855">
    <p class='ocr_par' dir='ltr' id='par_1_10' title="bbox 118 3684 1085 3855">
     <span class='ocr_line' id='line_1_42' title="bbox 149 3684 1085 3743; baseline -0.001 -13"><span class='ocrx_word' id='word_1_330' title='bbox 149 3685 176 3740; x_wconf 80' lang='grc'>8)</span> <span class='ocrx_word' id='word_1_331' title='bbox 191 3686 219 3731; x_wconf 87' lang='lat' dir='ltr'>D.</span> <span class='ocrx_word' id='word_1_332' title='bbox 236 3685 299 3740; x_wconf 76' lang='lat' dir='ltr'>quod</span> <span class='ocrx_word' id='word_1_333' title='bbox 313 3684 382 3731; x_wconf 72' lang='lat' dir='ltr'>lttttttt</span> <span class='ocrx_word' id='word_1_334' title='bbox 391 3684 589 3743; x_wconf 70' lang='lat' dir='ltr'>XV,4.-4)l).</span> <span class='ocrx_word' id='word_1_335' title='bbox 623 3684 672 3730; x_wconf 74' lang='lat' dir='ltr'>sill.</span> <span class='ocrx_word' id='word_1_336' title='bbox 686 3689 732 3732; x_wconf 74' lang='lat' dir='ltr'>act.</span> <span class='ocrx_word' id='word_1_337' title='bbox 746 3687 788 3742; x_wconf 83' lang='grc' dir='ltr'>Ν,</span> <span class='ocrx_word' id='word_1_338' title='bbox 804 3687 842 3733; x_wconf 76' lang='lat' dir='ltr'>to.</span> <span class='ocrx_word' id='word_1_339' title='bbox 857 3709 885 3722; x_wconf 91' lang='lat'>-·</span> <span class='ocrx_word' id='word_1_340' title='bbox 912 3687 981 3741; x_wconf 71' lang='lat' dir='ltr'>bil).</span> <span class='ocrx_word' id='word_1_341' title='bbox 995 3684 1085 3731; x_wconf 72' lang='lat' dir='ltr'>detri-</span> 
     </span>
     <span class='ocr_line' id='line_1_43' title="bbox 118 3741 849 3855; baseline 0.007 -13"><span class='ocrx_word' id='word_1_342' title='bbox 118 3741 404 3855; x_wconf 65' lang='lat' dir='ltr'>:rearre</span> <span class='ocrx_word' id='word_1_343' title='bbox 418 3742 500 3844; x_wconf 76' lang='lat' dir='ltr'>ra</span> <span class='ocrx_word' id='word_1_344' title='bbox 513 3741 590 3846; x_wconf 70' lang='lat' dir='ltr'>lert:</span> <span class='ocrx_word' id='word_1_345' title='bbox 826 3743 849 3789; x_wconf 76' lang='lat'>⁴·</span> 
     </span>
    </p>
   </div>
   <div class='ocr_carea' id='block_1_9' title="bbox 0 0 1288 4344">
    <p class='ocr_par' dir='ltr' id='par_1_11' title="bbox 0 0 1288 4344">
     <span class='ocr_line' id='line_1_44' title="bbox 0 0 1288 4344; baseline 0 1"><span class='ocrx_word' id='word_1_346' title='bbox 0 0 1288 4344; x_wconf 95' lang='lat' dir='ltr'> </span> 
     </span>
    </p>
   </div>
  </div>
 </body>
</html>
