2566 4344
1069 137 1164 213 A*

234 319 301 384 178
392 316 543 376 laurum.
577 313 625 373 [ln
642 331 827 374 corruamus
844 313 899 383 tv,
910 317 940 371 tl.
960 311 991 395 g.
1004 319 1053 372 55.

235 469 377 547 quemad
399 483 463 522 eum
505 463 659 536 emineret,
680 479 765 519 cauta
785 461 923 534 cadebat,
945 461 972 518 id
989 472 1030 518 eat
1046 479 1106 518 rem
1123 463 1218 518 amit-

236 545 337 614 tebat,
357 561 410 600 nec
429 481 512 596 tactio
533 538 561 594 in
578 537 717 613 integrum
739 555 756 592 a
776 550 908 612 praetore
925 536 1137 610 restituebatur,
1160 538 1216 592 nisi

236 619 328 674 minor
353 627 415 675 erat
433 613 654 688 vigintiquinque
679 611 769 668 annis.
807 610 873 666 lruio
896 611 970 666 enirn
996 611 1066 666 sicut
1092 612 1120 666 iu
1150 611 1219 666 aliia

236 692 328 750 cautis
349 705 434 748 causa
456 687 569 761 cognita
589 687 819 755 succurrebatur,
836 685 860 740 ai
874 684 970 759 lapaua
985 684 1129 741 iuventute
1146 683 1214 740 sue·

236 776 301 836 rat,
330 765 369 821 ita
396 774 425 820 et
451 762 479 816 in
504 761 558 816 bac
585 777 670 816 causa
697 759 819 816 cuccurri
839 757 951 814 uultum
970 769 1040 814 erat.
1076 775 1167 830 rane,
1191 760 1217 814 si

205 869 208 874 ·
236 849 294 896 tam
312 855 415 913 magna
434 851 518 892 cauea
538 834 602 890 iutti
621 834 725 890 erroris
744 833 965 901 interveniebat,
985 842 1015 887 ut
1035 832 1120 888 etiam
1139 851 1215 888 con-

236 912 422 969 stantissimus
442 909 560 985 quisque
579 908 635 964 labi
654 917 772 984 posset,
799 908 884 963 etiam
905 907 1005 962 maiori
1025 906 1211 982 vigintiquin-

237 1005 294 1074 que
314 986 393 1042 annin
412 983 644 1041 succurrebntur:
671 982 755 1038 veluti
774 980 798 1036 si
817 981 880 1056 quia
901 989 990 1036 totum
1011 980 1135 1055 legatum
1158 997 1214 1056 pe-

237 1059 333 1131 uerit,
354 1068 419 1135 post
434 1057 539 1114 deinde
561 1055 663 1131 prolati
685 1055 789 1112 suerint
808 1053 943 1126 codicilli,
964 1055 1065 1131 quibus
1079 1064 1128 1110 aut
1145 1072 1213 1129 para

238 1134 324 1208 legati
351 1134 485 1208 adempta
511 1131 567 1202 rit,
596 1140 644 1186 aut
668 1128 834 1206 quibusdam
862 1128 923 1184 aliie
943 1127 1038 1200 legata
1058 1127 1126 1184 data
1147 1129 1212 1198 sint,

259 1226 312 1265 uae
336 1206 511 1276 efficiebant,
538 1216 568 1262 ut
595 1204 658 1278 plue
683 1204 785 1279 petisse
811 1201 953 1258 videretur
977 1203 1099 1277 petitur,
1124 1220 1213 1278 quam

237 1227 424 1353 dodrantem,
452 1290 538 1355 atque
566 1278 631 1334 ideo
658 1278 722 1351 lege
741 1275 865 1332 Falcidia
884 1275 979 1351 legata
1000 1276 1212 1332 minuebantur.

236 1355 302 1412 Plus
316 1367 410 1412 autem
425 1365 546 1429 quatuor
559 1353 649 1408 modia
665 1352 784 1426 petitur:
805 1369 845 1420 re,
866 1359 1004 1425 ternpore,
1024 1351 1098 1420 loco,
1110 1368 1210 1406 causa,

235 1430 297 1486 Rer
326 1429 410 1486 veluti
435 1429 458 1484 ei
484 1426 546 1501 quis
570 1443 622 1501 pro
649 1427 746 1482 decern
773 1424 883 1493 aureis,
910 1424 957 1499 qui
975 1423 1002 1479 ei
1021 1425 1208 1495 debebantur,

238 1504 334 1577 viginti
361 1501 494 1577 petierit,
523 1509 572 1554 aut
594 1499 618 1554 ai
644 1500 682 1572 is,
709 1500 787 1556 cuius
809 1517 844 1555 ex
871 1508 951 1572 parte
970 1515 1017 1554 res
1036 1510 1094 1570 est,
1122 1509 1212 1554 toturn

237 1593 320 1644 earn,
341 1576 384 1630 rel
405 1573 510 1630 maiore
530 1590 565 1629 ex
586 1583 757 1647 parternum
773 1591 834 1628 esse
849 1571 1009 1628 intenderit.
1046 1573 1209 1648 Tempore:

240 1648 323 1704 veluti
342 1648 365 1703 ei
384 1666 445 1723 quta
464 1659 530 1703 ante
550 1647 624 1703 diem
646 1646 688 1703 vel
710 1658 776 1703 ante
795 1646 987 1702 condicionem
1009 1647 1132 1721 petierit.
1155 1664 1209 1723 qua

239 1723 349 1779 ratione
375 1722 467 1794 enirn,
502 1721 550 1796 qui
578 1722 685 1777 tardius
710 1720 807 1793 solvit,
835 1739 919 1796 quarn
947 1720 1056 1778 solvere
1082 1720 1209 1794 deberet,

236 1796 330 1852 minus
349 1795 458 1852 solvere
478 1794 668 1882 intellegitur,
691 1794 790 1851 eadem
811 1797 937 1864 ratione,
959 1794 1006 1871 qui
1027 1807 1207 1871 praemature

238 1870 326 1946 petit,
352 1870 415 1945 plue
441 1880 539 1944 petere
557 1869 674 1925 vitietur.
712 1866 790 1924 Loco
812 1869 874 1943 plus
890 1867 1023 1944 petitur:¹
1039 1871 1126 1927 veluti
1146 1889 1211 1926 cunr

237 1943 299 2020 quis
317 1945 362 2016 id,
384 1943 460 2019 quod
481 1953 558 1999 certo
579 1943 640 1998 loco
660 1942 712 1998 sibi
729 1943 877 2018 stipulatur
898 1953 956 2010 est,
977 1943 1032 1999 alio
1049 1944 1113 2000 loco
1130 1947 1205 2020 pctit,

234 2019 297 2074 aine
316 2017 583 2075 commemoratione
601 2016 672 2072 illiue
692 2016 764 2085 loci,
783 2017 810 2072 in
830 2035 887 2093 quo
906 2017 959 2073 eibi
979 2017 1041 2072 clari
1060 2020 1209 2094 stipulatur

235 2092 338 2166 suerit3
366 2091 441 2148 verbi
472 2091 579 2167 gratia,
596 2091 630 2147 -ni
656 2090 694 2162 ir,
722 2090 769 2166 qui
796 2090 835 2146 ita
861 2091 1085 2166 stipulatorem,
1112 2091 1209 2170 uptun}

235 2165 304 2224 dore
327 2161 466 2242 apondecl
503 2165 613 2221 Rornae
643 2182 715 2240 pure
739 2165 865 2220 intendat
895 2165 956 2222 dari
983 2166 1035 2220 eibi
1065 2178 1205 2241 oportere.
1281 2163 1282 2222 l

235 2240 302 2295 ideo
322 2251 416 2298 autem
437 2237 501 2325 pluo
523 2251 622 2314 petere
638 2238 828 2312 intellegitur,
851 2239 917 2314 quia
937 2239 1102 2312 utilitatem,
1124 2259 1205 2317 quam

236 2311 335 2368 habuit
354 2331 522 2388 promissor,
542 2313 565 2368 ri
583 2311 689 2388 Ephesi
708 2313 844 2384 solveret,
865 2312 963 2368 adimit
983 2313 1009 2370 ei
1029 2331 1102 2388 puta
1118 2316 1204 2370 luten-

236 2385 329 2443 tione:
364 2397 481 2459 propter
511 2403 594 2461 quam
620 2403 732 2442 causam
761 2387 816 2442 alio
840 2386 903 2442 loco
924 2389 1034 2516 petenti
1060 2390 1206 2445 arbitraria

238 2459 312 2514 aetio
342 2459 524 2532 proponitur,
558 2460 586 2513 in
615 2477 670 2545 qna
696 2460 799 2516 scilicet
826 2461 897 2516 ratio
944 2461 1044 2517 abetttr
1074 2463 1202 2533 utilitatis,

239 2549 313 2607 quae
330 2531 491 2606 promissori
510 2544 695 2606 competitura
713 2535 826 2606 fuisset,
850 2535 873 2589 ti
893 2533 939 2589 illo
959 2535 1021 2591 loco
1040 2537 1162 2593 solveret
1170 2540 1202 2608 t).
1280 2545 1281 2548 ’

237 2623 312 2682 quae
331 2605 434 2661 utilitas
454 2605 618 2681 plerumque
637 2607 665 2662 in
685 2609 823 2663 mercibus
844 2609 965 2664 maxima
982 2610 1139 2684 invenitur,
1159 2630 1203 2666 re-

237 2680 288 2737 luti
307 2681 387 2750 rino,
415 2678 497 2753 oleo,
521 2679 680 2753 frumento,
704 2699 777 2758 quae
799 2682 993 2757 persingulas
1013 2685 1203 2758 regionesdi-

237 2772 318 2812 rerea
343 2754 449 2811 habent
475 2754 581 2830 pretia:
610 2755 659 2812 red
687 2767 715 2811 et
740 2757 878 2830 pecuniae
903 2769 1069 2814 numeratae
1096 2777 1153 2816 nun
1178 2761 1202 2814 in

239 2830 368 2885 omnibus
394 2829 557 2904 regionibus
584 2829 635 2884 snb
658 2828 756 2888 iisdem
780 2829 869 2886 usuria
889 2829 1062 2889 fenerantur.
1100 2834 1125 2888 ei
1147 2834 1204 2908 quir

239 2913 333 2960 tamen
350 2903 457 2978 Ephesi
473 2913 569 2979 petat,
593 2903 622 2958 id
642 2915 683 2960 est
703 2920 738 2959 eo
760 2902 822 2959 loco
842 2914 937 2979 petat,
960 2923 1016 2980 quo
1038 2917 1067 2961 ut
1086 2907 1139 2963 ribi
1156 2907 1203 2962 de·

237 2984 299 3046 tur,
328 2976 476 3051 stipulatus
499 2988 557 3049 ent,
585 2995 655 3051 pura
682 2977 792 3033 actione
819 2989 895 3034 recte
919 2978 995 3106 epit:
1018 2979 1104 3055 idque
1123 2983 1201 3037 etiarn

236 3059 353 3124 praetor
380 3059 532 3118 monstrat,
559 3051 663 3107 scilicet
688 3052 754 3125 quia
781 3050 883 3108 utiliter
908 3052 1034 3108 auvendi
1061 3055 1139 3111 salva
1166 3066 1203 3110 est

235 3120 466 3198 promissori³⁸).
510 3122 583 3179 Huic
603 3134 712 3198 autem,
740 3125 787 3201 qui
812 3125 873 3182 loco
894 3127 956 3198 plue
976 3140 1074 3201 petere
1095 3129 1202 3185 intelle-

236 3196 326 3272 gitur,
355 3194 500 3272 proximus
527 3205 569 3252 ent
595 3197 635 3266 is,
660 3201 708 3277 qui
734 3217 817 3256 causa
838 3199 900 3273 plue
920 3201 1006 3273 petit:
1028 3211 1058 3255 ut
1077 3220 1161 3274 ecce,
1182 3202 1203 3258 ai

236 3271 300 3348 quis
324 3270 363 3326 ita
389 3288 406 3326 a
432 3279 461 3327 te
488 3270 523 3327 rti
547 3271 637 3328 ulatur
665 3274 716 3342 rit,
743 3271 875 3330 bominem
895 3271 1015 3330 Sticbtrnt
1040 3281 1089 3332 ortt
1117 3275 1203 3334 decern

235 3363 333 3407 ottreor
358 3342 424 3402 dare
446 3362 514 3422 oport
534 3342 585 3404 orl
612 3345 715 3405 deinde
736 3348 898 3403 alterutrum
922 3359 1020 3422 petat,
1048 3350 1134 3405 veluti
1153 3351 1202 3406 lro·

235 3421 340 3477 minem
372 3429 497 3492 tantum,
531 3429 580 3476 aut
607 3419 704 3478 decern
733 3439 834 3477 aureos
862 3433 979 3477 tanturn.
1018 3423 1084 3479 ideo
1111 3437 1202 3480 autem

235 3495 299 3569 plur
326 3503 425 3568 petere
450 3493 639 3568 intellegitur,
675 3496 742 3570 quia
768 3496 796 3551 in
822 3513 857 3553 eo
885 3510 991 3571 genere
1017 3497 1205 3574 ctipulationir

293 3655 318 3708 ι)
331 3653 349 3698 i.
362 3662 398 3707 a,
413 3662 460 3708 nuo
474 3661 501 3698 te
513 3653 650 3698 sommam·
658 3655 790 3708 spopondit.

176 3773 183 3842 J
265 3773 307 3826 88)
321 3775 352 3819 n.
368 3775 398 3818 tle
412 3786 442 3819 eo
457 3777 520 3829 quoti
534 3781 599 3821 cetto
613 3777 667 3820 tneo
682 3777 745 3833 xlii,
760 3777 784 3826 4.
