2516 4328
126 310 277 380 luervrur.
306 306 354 377 lin
366 324 447 366 anun
461 326 587 376 luuram
603 308 658 378 tv,
672 313 701 376 ὅ,
722 306 753 389 §-
763 313 904 376 ‚tt-aa„
956 309 1020 374 165

35 460 162 527 larunt,
188 475 259 533 quas
276 455 361 512 mulio
379 465 496 530 propter
515 455 681 531 imperitiam
700 456 821 513 retinere
839 473 896 512 non
914 467 1019 532 potue-

37 534 103 604 rit,
126 533 150 588 vi
167 549 262 587 nervus
281 541 345 586 tuus
366 547 515 604 oppressus
534 531 642 614 saepit,
664 530 763 604 culpae
779 547 844 586 reus
863 540 906 586 est
921 531 1016 588 mulio.

37 605 101 662 sed
131 615 175 675 et,
202 605 224 660 si
250 614 366 679 propter
385 604 573 659 infirmitatem
599 604 720 670 retinere
741 621 789 660 eae
808 621 865 660 non
884 606 1020 678 potuerit,

37 697 117 736 curn
139 679 210 736 alius
229 677 335 732 firmior
352 677 472 733 retinere
492 677 647 751 potuisset,
669 694 759 752 aeque
774 677 878 752 ,culpae
896 688 1017 736 tenetur.

39 754 155 810 eadem
176 752 340 827 placuerunt
358 750 394 805 de
412 768 447 807 eo
465 767 594 879 quoque,
613 751 676 826 qui,
697 769 759 808 curn
774 768 848 826 equo
862 751 1017 826 veheretur,

40 829 190 912 impetum
212 825 271 880 eius
290 833 338 879 aut
358 834 474 899 propter
492 823 519 880 in
542 825 697 898 raritatem,
723 833 771 880 aut
789 834 905 899 propter
925 826 1018 901 impe-

40 901 147 955 ritiam
176 916 255 954 auaro
284 897 405 953 retinere
432 914 488 954 non
535 899 646 953 otuerit.
698 895 785 971 ⁹)llis
809 908 902 954 autem
927 899 1048 956 verbisa

39 974 140 1060 legio,
159 972 289 1048 pantio)
308 973 337 1027 ia
356 987 387 1026 oo
406 987 477 1027 ooao
495 916 603 1045 piitrimi
624 969 722 1042 litorii,
741 971 786 1026 illa
807 973 945 1028 sententia
964 991 1020 1030 ex..

41 1047 204 1122 primitur,
233 1055 283 1114 ut,
311 1044 416 1120 siquis
437 1043 577 1100 hominem
601 1054 696 1116 tuum,
720 1044 768 1119 qui
786 1044 871 1101 hodie
892 1045 1019 1116 claudus,
1059 1069 1061 1072 ·

21 1181 26 1192 ,
43 1131 103 1176 aut
123 1119 231 1190 luscus,
257 1127 305 1173 aut
323 1117 523 1190 monument,
543 1117 690 1187 occiderit,
711 1117 805 1192 quiin
825 1136 860 1174 eo
880 1120 1019 1177 arnoia.

45 1203 135 1267 teger
154 1194 240 1262 auth)
262 1192 399 1266 pretiosus
418 1190 523 1261 luerit,
546 1210 601 1246 non
622 1192 692 1246 tanti
711 1200 857 1265 teneatur,
877 1193 976 1267 quanti
994 1195 1019 1248 is

44 1267 141 1323 lrodie
160 1267 230 1334 erit,
249 1265 299 1321 aed
319 1265 415 1339 quanti
433 1267 460 1318 iu
481 1282 515 1320 eo
536 1283 609 1320 auno
630 1264 740 1340 plurimi
762 1264 855 1322 suerit.
894 1283 951 1340 qua
969 1283 1020 1322 ra-

46 1341 133 1398 tione
161 1338 296 1396 creditum
323 1348 381 1410 est,
409 1336 557 1425 poenalem
584 1357 645 1394 esse
669 1339 750 1394 huius
774 1339 843 1412 legis
869 1341 1017 1410 actionem,

71 1415 121 1470 uia
150 1431 205 1470 noo
234 1412 323 1468 solum
347 1420 416 1466 tantr
441 1412 557 1487 quiaque
581 1412 736 1486 obligatur,
763 1421 897 1487 quantum
922 1412 1018 1470 damni

46 1433 185 1560 dederit,
211 1485 261 1542 sed
284 1484 435 1560 aliquando
461 1486 544 1560 longe
565 1485 667 1560 pluris:
696 1485 817 1561 ideoque
838 1497 962 1559 constat,
989 1487 1017 1542 in

47 1560 191 1618 heredem
212 1576 274 1616 eam
294 1557 432 1614 actionem
451 1576 508 1614 non
529 1559 667 1630 transire,
688 1577 760 1634 quae
780 1561 929 1616 transitura
947 1561 1019 1616 suis-

49 1646 116 1703 set,
135 1634 158 1690 oi
178 1632 248 1689 ultra
269 1632 402 1688 damnum
422 1650 572 1707 numquam
592 1631 624 1687 lis
643 1633 837 1689 aestimaretur
850 1634 901 1707 ¹⁰).
947 1633 1016 1690 lllud
1030 1637 1062 1686 1⁰

50 1727 113 1766 non
140 1725 176 1764 ex
204 1705 295 1762 verbis
321 1705 404 1780 legis,
430 1704 479 1761 sed
506 1723 540 1761 ex
561 1705 790 1779 interpretatione
829 1707 934 1780 lacuit,
960 1726 1019 1764 non

50 1782 146 1838 solum
167 1779 305 1856 perempti
324 1779 449 1907 copponis
468 1777 688 1835 aestimationem
708 1724 867 1835 habendam
882 1798 953 1852 este,
972 1799 1020 1840 ae-

51 1855 179 1912 cundum
200 1870 344 1928 ea,quae
379 1873 385 1906 r

52 1941 153 2000 terea,
178 1939 326 2015 perempto
353 1944 388 1982 eo
407 1943 543 2000 corpore,
570 1925 666 1980 damni
687 1927 763 1981 vobis
783 1926 895 1982 alatum
918 1926 1017 2002 suerit,

52 2003 142 2059 veluti
166 2020 189 2057 er
209 2018 319 2056 servum
337 2008 415 2055 tuum
435 1998 568 2055 heredem
590 1999 626 2054 ab
646 1998 740 2074 aliquo
758 1999 912 2056 institutum
935 2011 1020 2060 antea

53 2077 120 2152 quie
146 2073 294 2146 occiderit,
322 2090 403 2148 quam
424 2073 540 2128 iniussu
568 2082 615 2128 too
637 2072 743 2132 adiret:
771 2091 835 2130 nana
856 2073 1020 2132 hereditatio

53 2166 171 2225 quoque
185 2147 303 2204 amissae
317 2147 452 2203 rationem
467 2164 528 2203 esse
542 2145 699 2203 hahendam
715 2157 831 2205 constat.
851 2149 929 2217 item,
946 2148 969 2204 ai
983 2167 1019 2206 ex

53 2223 120 2299 pari
134 2220 269 2278 mularum
291 2238 390 2290 unam,
412 2222 508 2278 velex
529 2220 665 2295 quadriga
685 2239 820 2296 equorum
842 2239 926 2278 unum
943 2224 1022 2279 ocei-

54 2297 142 2365 derit,
160 2295 252 2352 velex
266 2293 407 2351 comoedis
423 2312 492 2350 unua
505 2310 601 2349 servus
613 2294 698 2350 suerit
711 2295 833 2353 occisus:
855 2314 911 2352 non
929 2297 1019 2352 tolum

55 2370 143 2428 occisi
155 2367 187 2425 fir
201 2369 374 2440 aestimatio,
392 2367 442 2424 sed
459 2385 493 2423 eo
514 2368 632 2443 amplius
650 2367 679 2424 id
699 2386 812 2444 quoque
832 2381 1019 2445 computatur,

55 2453 164 2520 quanto
183 2442 332 2518 depretiati
351 2450 437 2513 suot,
458 2443 504 2516 qui
524 2452 682 2516 supersunt.
721 2441 853 2498 Liberum
869 2454 911 2499 eet
926 2455 1019 2501 autem
1033 2457 1061 2501 tt

55 2519 102 2589 ei,
124 2517 201 2573 cuius
218 2534 313 2572 oervua
327 2515 412 2571 fuerit
427 2516 533 2572 occisus
541 2556 550 2584 ,
569 2525 598 2571 et
611 2516 720 2590 privato
734 2515 837 2573 iudicio
852 2516 920 2592 legia
935 2519 1022 2594 Aqui-

57 2594 115 2650 liae
134 2590 265 2647 damnum
289 2588 437 2665 persequi,
464 2599 492 2646 et
510 2589 635 2664 capitalis
654 2589 775 2646 criminis
793 2609 856 2647 eum
878 2609 956 2652 reum
975 2591 1021 2649 la·

56 2669 190 2724 cere¹¹.

118 2668 211 2812 Capiat
243 2735 395 2794 secundum
423 2733 492 2807 legis
524 2733 650 2808 Aquiliae
681 2735 710 2790 in
746 2753 795 2790 usu
828 2753 885 2790 non
914 2737 1019 2811 est¹²).
1034 2745 1064 2790 11

57 2810 163 2886 Capite
189 2810 272 2866 tertio
300 2810 337 2866 de
363 2807 439 2864 omni
466 2806 690 2863 cetero-damno
717 2818 838 2864 cavetur.
877 2808 975 2883 ltaque
998 2811 1065 2866 aito

57 2885 123 2961 quio
146 2901 273 2956 terrum,
298 2883 342 2940 vel
368 2899 430 2938 earn
454 2880 684 2956 quadrupedem,
712 2897 786 2955 quae
806 2880 946 2954 pecudum
966 2900 1023 2938 nu-

59 2977 139 3014 mero
159 2968 216 3029 est,
237 2956 444 3027 vulneraverit,
464 2955 522 3010 aive
541 2971 604 3010 eam
623 2953 854 3029 quadrupedem,
875 2973 949 3030 quae
968 2974 1023 3031 pe-

58 3031 163 3090 cudum
190 3049 307 3087 numero
333 3048 388 3087 non
413 3038 471 3098 eat,
497 3027 581 3084 veluti
600 3045 698 3084 canem
718 3038 766 3084 aut
785 3026 874 3084 leram
894 3029 1024 3100 beatiam,

59 3105 264 3176 vulneraverit,
291 3115 340 3160 aut
366 3100 520 3172 occiderit,
546 3099 602 3158 hoo
626 3103 719 3176 capite
743 3102 816 3160 actio
836 3104 1022 3162 constituitur.

60 3183 89 3236 in
117 3178 216 3236 ceteris
243 3195 356 3254 quoque
383 3175 511 3233 omnibus
534 3176 719 3246 animalibus,
746 3177 811 3234 item
840 3177 868 3232 in
894 3178 1024 3234 omnibus

61 3252 163 3326 reboo,
189 3268 263 3327 quae
289 3252 384 3308 anima
405 3257 523 3320 nannents
543 3249 675 3307 domnum
695 3250 796 3308 iniuria
816 3250 943 3323 dotuml)
969 3251 1024 3306 hac

60 3337 144 3403 parte
165 3323 330 3383 vindicatur.
348 3339 352 3346 ·
367 3323 391 3379 ai
419 3322 487 3398 quid
514 3323 588 3380 enirn
609 3332 716 3396 ortum,
745 3334 794 3380 aut
819 3333 950 3398 ruptum,
974 3333 1024 3382 aut

388 1852 500 1924 ximus,
520 1852 569 1908 sed
585 1869 619 1908 eo
634 1852 753 1926 amplius
761 1894 770 1922 ,
787 1854 917 1981 quicquid
933 1873 1020 1929 prae-

119 3519 417 3576 1)q.td,q.euret.-
445 3517 470 3569 11)
484 3517 557 3560 et·
577 3513 603 3567 ·1)
616 3513 723 3557 aarum

89 3647 115 3701 9)
130 3648 160 3693 n.
174 3649 198 3692 a.
218 3649 236 3692 1.
251 3647 289 3692 11.
302 3680 309 3692 .
320 3680 327 3691 .
339 3647 377 3692 aa.
398 3667 428 3682 -
456 3643 487 3690 111
508 3646 528 3690 1.
562 3644 603 3696 11)
617 3642 759 3696 lauream.
770 3637 953 3695 vertiam&
963 3639 1025 3686 111.

64 3704 292 3761 cluanuama.
313 3703 337 3757 s.
354 3701 405 3756 aa,
426 3701 530 3790 lepor:
561 3699 588 3800 ξ
603 3699 625 3744 1.
654 3697 832 3746 ulula-
861 3693 1024 3755 literram,

64 3763 115 3814 pet.
128 3763 153 3805 et
166 3763 239 3814 tp.
254 3765 300 3805 aaa
314 3759 355 3817 lv,
373 3755 485 3813 ¹¹41·
580 3752 686 3800 1111161
713 3753 743 3798 1).
759 3751 868 3798 latta.
884 3753 949 3811 §.a
