2516 4328
203 327 268 394 198
314 327 464 387 lusrrrur.
490 323 537 384 De
549 339 670 383 orricio
683 339 799 382 trusere
816 322 872 393 tv,
887 329 936 382 tr.
955 321 989 406 5.
1004 331 1114 382 5-8.

206 479 287 552 culpa
308 475 475 554 possessoris
494 475 619 552 percepti
639 492 693 530 non
708 482 787 545 sunt,
809 473 852 530 rel
869 473 998 548 percepti
1013 476 1184 549 consumpti

176 547 316 625 ttsunt³).
365 549 397 606 Si
417 548 453 606 od
474 549 662 606 exhibendum
684 559 776 604 actum
796 546 901 619 suerit,
928 565 985 602 ιιοιι
1004 545 1132 619 sufficit,
1160 549 1184 604 si

187 625 341 682 'exhibeat
367 641 426 679 rem
452 623 492 694 ir,
519 641 581 679 cum
608 639 664 700 quo
689 630 781 676 actum
807 630 870 690 est,
897 619 946 676 sed
966 638 1041 695 opus
1063 629 1129 692 est,
1153 631 1183 676 ut

206 700 290 756 etiarn
311 713 422 754 causato
442 697 483 752 rei
509 696 613 754 debeat
632 694 783 766 exhibere,
810 693 900 749 idest
922 703 952 749 ut
971 711 1035 750 eam
1059 711 1183 750 causam

208 773 311 828 haheat
336 780 431 837 actor,
457 787 540 844 quam
560 769 705 825 habiturus
724 776 813 839 esset,
841 768 886 839 si,
908 786 969 824 curo
992 769 1123 841 primum
1144 769 1183 822 ad

206 843 396 902 exhibendum
414 843 532 917 egisset,
551 841 678 905 exhibito
695 857 739 898 res
757 839 871 898 suisset:
897 841 1037 916 ideoque,
1058 841 1082 895 si
1104 841 1184 897 inter

207 936 300 975 moras
317 925 451 992 usucapts
466 916 500 972 sit
515 935 559 973 res
574 934 590 971 a
604 932 780 991 possessore,
800 913 977 970 nihilominus
997 913 1182 970 condemua-

208 1003 261 1048 tur.
282 999 431 1064 praeterea
450 989 556 1046 fructus
576 988 659 1045 medii
679 987 828 1076 temporis,
845 986 874 1043 id
893 997 936 1043 est
948 987 1024 1059 eius,
1040 987 1095 1116 poi
1114 998 1184 1063 post
1246 943 1249 1030 i

209 1073 354 1139 occeptum
380 1063 417 1120 ed
445 1062 634 1122 exhibendum
661 1061 810 1134 iudicium,
837 1070 903 1117 ante
924 1078 982 1117 rem
1008 1061 1037 1116 iu
1063 1063 1180 1131 iratam,

207 1139 377 1208 intercessit,
404 1138 541 1196 rationem
567 1139 672 1195 hebere
697 1137 783 1194 debet
807 1133 903 1192 iudex.
946 1133 1061 1202 Quodsi
1088 1147 1184 1212 neget

208 1214 284 1285 ist),
303 1231 366 1268 cum
384 1231 441 1288 quo
459 1212 495 1268 od
515 1211 705 1270 exhibendum
725 1221 816 1267 actum
836 1220 895 1284 est,
914 1209 942 1266 iu
961 1210 1111 1287 praesenti
1127 1229 1181 1267 ex-

208 1286 305 1342 hihere
329 1303 360 1341 se
386 1303 484 1361 posse,
511 1297 539 1342 et
559 1296 669 1360 tempus
691 1283 842 1341 exhibendi
861 1301 946 1340 causa
965 1294 1062 1360 petat,
1088 1283 1178 1360 idque

206 1359 266 1415 siue
284 1358 463 1416 frustratione
482 1360 625 1434 postulare
646 1357 792 1429 rideatur,
819 1356 880 1414 dari
899 1356 927 1412 ei
945 1356 1048 1428 debet,
1079 1368 1114 1414 ut
1135 1369 1179 1414 ta-

206 1450 270 1489 men
299 1442 416 1505 csreat,
442 1449 473 1488 se
499 1433 706 1505 restituturum
734 1430 834 1507 quodsi
860 1447 951 1505 neque
975 1430 1072 1487 statim
1100 1432 1177 1487 iussu

206 1505 304 1562 iudicis
322 1523 380 1562 rem
400 1505 549 1578 exhibeat,
575 1521 667 1579 neque
684 1515 783 1580 postea
803 1503 989 1560 exhibiturum
1007 1522 1038 1560 se
1057 1514 1174 1574 careat,

207 1576 437 1635 condemnandus
456 1578 491 1632 sit
510 1579 538 1634 in
558 1578 585 1634 id
631 1577 706 1654 quod
733 1579 833 1634 actoris
859 1578 1008 1646 intererat,
1038 1579 1076 1633 ab
1096 1579 1176 1634 initio

179 1660 268 1708 trem
294 1650 446 1708 exhibitam
474 1648 567 1726 esseff)
596 1621 615 1726 5
671 1650 739 1726 ⁵)Si
757 1651 881 1708 familiae
898 1651 1082 1708 erciscundae
1101 1652 1177 1707 iudi-

208 1726 252 1783 cio
261 1720 289 1798 ¹t)
310 1725 477 1797 assumsit,
498 1725 620 1800 singulas
638 1743 683 1782 res
702 1725 816 1799 singuiis
839 1725 988 1782 heredibus
1008 1725 1176 1782 adiudicare

207 1799 313 1869 debet,
334 1808 362 1855 et
379 1799 402 1854 si
422 1798 449 1854 in
468 1799 580 1856 alterius
598 1815 719 1874 persona
738 1817 924 1873 praeorarare
943 1798 1073 1854 rideatur
1091 1799 1175 1855 adiu-

208 1871 326 1943 dicatio,
351 1871 437 1928 debet
460 1872 535 1930 hunc
558 1873 674 1930 invicem
696 1873 798 1930 cahere
820 1873 828 1927 i
850 1883 925 1929 certa
948 1873 1068 1947 pecunia
1084 1873 1177 1945 (sicot

207 1947 263 2003 iarn
284 1946 386 2002 dictum
407 1951 462 2018 est)
482 1946 678 2004 condemnare.
717 1964 751 2003 eo
772 1963 884 2022 quoque
904 1946 1016 2003 nomine
1037 1946 1175 2003 coheredi

115 2022 121 2032 ’
208 2021 324 2096 quisque
342 2038 393 2076 suo
413 2020 641 2076 condemnandus
662 2028 724 2091 est,
745 2020 820 2094 quod
839 2019 913 2075 solus
930 2018 1036 2074 fructus
1057 2020 1176 2076 heredi·

208 2094 270 2149 tarii
295 2092 377 2148 fundi
403 2095 544 2169 percepit,
573 2103 622 2149 aut
649 2111 707 2150 rem
733 2093 929 2149 hereditoriam
954 2094 1100 2167 corrupit,
1128 2103 1176 2150 aut

207 2167 384 2240 consumpsit.
404 2185 477 2296 guae
494 2167 605 2242 quidem
620 2166 744 2224 similiter
757 2167 829 2223 inter
842 2167 935 2242 piures
949 2185 1072 2242 quoque,
1087 2185 1174 2243 quam

178 2240 279 2298 eduos
304 2241 406 2297 cohere
428 2258 458 2297 es
501 2240 754 2316 subsequuntur⁶).
799 2239 908 2296 Eadem
926 2239 1118 2297 interveniunt
1138 2253 1173 2312 et,
1247 2247 1248 2252 ’

208 2315 231 2370 si
245 2314 384 2372 communi
399 2285 550 2371 dividundo
566 2313 602 2370 de
614 2313 739 2389 pluribus
753 2313 836 2370 rebus
851 2324 941 2370 actum
955 2313 1051 2370 fuerit.
1071 2315 1173 2390 quodsi

208 2389 244 2444 de
265 2405 320 2442 uua
339 2406 385 2454 re,
411 2388 494 2444 veluti
514 2388 550 2444 de
568 2387 678 2457 fundo,
705 2388 728 2442 si
753 2386 865 2462 quidem
890 2388 941 2442 iste
965 2387 1070 2443 fundus
1093 2407 1172 2444 com-

209 2459 292 2516 mode
311 2461 501 2533 regionibus¹)
522 2461 685 2517 divisionem
705 2461 837 2536 recipiat,
862 2470 957 2535 partes
976 2459 1035 2516 eius
1056 2461 1172 2536 singuiis
1246 2509 1247 2520 ,

208 2531 370 2590 adiudicare
390 2533 489 2606 debet,
517 2544 560 2602 et,
586 2534 609 2588 si
629 2534 709 2590 unius
730 2553 795 2610 pars
816 2551 1002 2608 praegravare
1021 2535 1171 2607 ridebitur,

208 2605 369 2674 istiuvicem
396 2616 472 2662 certa
497 2607 616 2680 pecunia
637 2607 716 2664 alteri
735 2606 963 2664 condemnandus
982 2617 1041 2681 est3
1070 2609 1171 2684 quodsi

208 2679 355 2737 commode
374 2679 459 2736 diridi
483 2698 539 2737 uon
559 2681 665 2754 possit,
693 2681 779 2756 veh)
799 2681 883 2738 horno
900 2681 990 2752 sorte,
1011 2691 1062 2738 aut
1081 2683 1173 2739 moins
1245 2737 1246 2740 ,

208 2755 277 2827 erit,
304 2753 340 2810 de
366 2772 423 2830 quo
442 2764 533 2810 actum
553 2755 608 2826 sit,
637 2754 684 2810 uni
704 2756 814 2824 totusr)
836 2753 1038 2810 adiudicandus
1057 2766 1117 2828 est,
1145 2767 1171 2812 et

178 2828 230 2885 uis
244 2827 361 2884 invicem
377 2828 455 2884 alteri
474 2840 548 2885 certa
569 2829 688 2903 pecunia
707 2828 935 2885 condemnandus
947 2827 983 2901 ⁷).
1022 2827 1054 2885 Si
1074 2828 1170 2886 finium

208 2901 396 2976 regundorum
422 2911 513 2958 actum
539 2901 643 2972 suerit,
673 2901 810 2977 dispicere
829 2902 914 2959 dehet
933 2899 1036 2971 iudex,
1063 2920 1099 2958 sn
1121 2922 1171 2960 ne·

208 2975 328 3032 cessaria
346 2975 381 3030 sit
401 2975 580 3032 adiudicatio.
619 2992 673 3031 uae
691 2992 760 3031 sane
780 2993 837 3031 uno
855 2993 921 3032 casu
939 2978 1097 3032 necessaria
1114 2988 1168 3049 est,

207 3049 231 3103 si
246 3046 462 3104 evidentioribus
480 3049 581 3106 finibus
596 2993 727 3124 distingui
740 3065 823 3126 agros
836 3047 1007 3106 commodius
1021 3049 1068 3122 sit,
1084 3069 1170 3124 quarn

208 3119 274 3176 oiim
299 3117 417 3176 fuissent
441 3121 578 3180 distincti:
606 3139 670 3178 nam
690 3131 756 3178 tuuc
774 3139 889 3180 necesse
907 3132 968 3195 est,
999 3123 1172 3190 exoberius

265 3315 289 3364 ht
303 3322 365 3358 retas.
380 3336 408 3346 -
436 3313 453 3364 it
469 3315 490 3358 si
504 3315 533 3358 ab
547 3314 563 3357 i.
577 3323 617 3358 res
631 3315 681 3358 ..to
693 3317 761 3360 esset.
776 3337 801 3348 -
832 3315 858 3368 h)
875 3313 921 3360 def.
937 3317 1030 3360 iudicio.
1046 3337 1075 3348 -
1098 3319 1116 3369 Ι)
1132 3329 1171 3363 re-

206 3370 289 3426 qiortts.
304 3391 333 3402 -
362 3371 393 3420 rut
407 3369 477 3414 retur
490 3371 511 3414 h.
526 3391 555 3404 -·
584 3373 608 3421 ιι)
622 3369 676 3415 trote
689 3373 706 3416 t.
721 3381 743 3418 tt.

235 3493 260 3543 a)
274 3493 303 3536 Ι).
323 3492 353 3538 de
372 3491 406 3536 rei
426 3491 512 3537 vindic.
527 3493 568 3548 i't,
586 3494 620 3548 t.;
641 3493 671 3539 de
706 3494 792 3540 studio.
808 3495 852 3548 Vt,
870 3497 891 3540 t.
912 3497 927 3540 1.
944 3495 981 3542 2¹).
1001 3517 1030 3530 m
1065 3499 1090 3547 ht
1109 3501 1126 3542 t.
1141 3499 1169 3543 do

207 3549 288 3593 hored.
309 3547 400 3604 petis,
415 3550 438 3593 a.
468 3549 494 3594 (J.
510 3548 562 3594 thr.
578 3549 613 3594 ttt.
629 3553 669 3606 ΙΙΙ,
705 3551 791 3596 action.
807 3552 847 3606 W,
862 3552 886 3596 o.
908 3553 935 3604 ᾗ.
949 3551 1002 3602 sil-t
1024 3553 1055 3596 t'e
1070 3555 1169 3608 otutrst.

207 3607 246 3648 ss.
260 3605 299 3648 38.
314 3627 341 3637 -
364 3607 392 3650 Ι).
409 3606 449 3658 vt,
468 3607 488 3650 1.
510 3607 525 3650 Ι.
539 3607 578 3651 iii.
593 3608 618 3659 S.
636 3608 670 3660 i.;
704 3607 773 3662 quasi
789 3617 820 3652 ert
835 3607 1067 3658 esrtttrdiidiiirt).
1083 3611 1170 3661 §.M

200 3659 240 3711 V,
253 3662 276 3704 tr.
298 3661 312 3702 t.
328 3661 365 3704 th.
386 3663 411 3714 tt.
428 3660 450 3704 i.
465 3661 487 3705 7.
517 3662 543 3708 C.
565 3663 669 3713 unos.
705 3686 731 3698 -
746 3665 771 3714 tit
786 3665 812 3710 i).
828 3662 882 3708 iatri.
898 3663 979 3709 eroise.
992 3665 1019 3711 Χ.
1033 3665 1056 3708 2.
1079 3667 1106 3712 c.
1118 3668 1169 3711 eod.

207 3715 277 3759 tet.
299 3737 326 3747 -
364 3716 388 3762 tt
410 3717 437 3759 Ι).
459 3718 488 3760 nd
512 3717 670 3761 extritreudunt
706 3719 800 3772 ithae.
821 3741 849 3752 -
879 3719 1079 3767 utrumnum
1096 3723 1168 3768 divid.

208 3769 276 3822 m.
307 3771 518 3828 neudum&
548 3771 670 3817 tt.derei
706 3775 772 3831 x‚3.
795 3777 1000 3835 t'.eod.ttt,ttt.
