2566 4344
209 267 277 332 152
315 266 465 328 lrtsrrrur.
485 263 533 330 lin
545 279 801 332 oomnxnoara.
812 261 1184 346 111,er.(ea.)1²r.§.r.a.
1272 216 1273 305 l

209 415 324 472 dederis
334 409 373 489 ¹),
395 424 444 470 aut
461 413 623 469 sarcinatori
642 411 814 483 sarciendos
827 411 903 470 nulla
921 411 1053 470 mercede
1072 412 1188 474 notasti·

211 499 275 546 tnta.
291 505 383 564 neque
402 488 562 562 promissa,
582 487 708 544 mandati
727 486 864 561 competit
883 487 957 542 actio
970 482 1022 561 ¹¹).
1046 531 1048 538 Α

259 675 263 693 ²
296 673 517 728 ·rrrunus
544 675 814 728 vicessimus
839 668 1066 728 snurruus

303 757 306 766 ’
474 741 707 810 (vicassmus
727 741 914 808 ocmvus).
1039 743 1041 748 ·

221 819 224 825 ’
259 837 840 924 1)nn0nn1orr10mnus
879 833 1032 918 Quasi
1067 833 1140 908 nx

511 938 878 1022 conrnsorun.

165 1097 210 1142 rr.
268 1081 336 1137 Post
381 1099 466 1138 enera
492 1092 683 1138 contractuum
710 1093 875 1140 enumerata
895 1081 1075 1158 dispiciamus
1093 1081 1195 1136 etiam

211 1155 249 1213 de
275 1156 318 1212 his
344 1099 576 1231 oiligationibus,
605 1173 679 1231 qnae
704 1173 760 1211 non
782 1157 896 1232 proprie
918 1157 1033 1232 quidem
1052 1173 1092 1212 ex
1112 1173 1186 1212 oon-

212 1241 303 1286 tractu
322 1231 398 1286 nasci
418 1230 637 1305 intelleguntur,
664 1228 714 1284 sed
735 1239 846 1302 tamen,
867 1231 933 1305 qnia
955 1249 1013 1286 non
1031 1247 1068 1285 ex
1090 1228 1185 1284 male-

210 1303 275 1362 fioio
286 1304 313 1377 ι)
333 1304 520 1360 substantiam·
533 1304 662 1378 sapiunt,
683 1303 762 1377 qnasi
777 1321 812 1359 ex
829 1314 973 1360 contractu
988 1303 1066 1360 nasci
1081 1302 1186 1358 viden-

184 1375 307 1452 1tur2.)
359 1377 446 1452 lgitor
474 1396 536 1434 eum
563 1379 623 1453 quis
651 1377 773 1434 absentis
800 1379 911 1453 negotia
938 1378 1079 1453 gesserit,
1110 1377 1192 1431 ultro

213 1454 339 1524 nitroque
373 1453 446 1506 inter
472 1469 520 1506 eos
548 1461 700 1506 nascuntur
725 1451 867 1521 actiones,
899 1469 979 1528 qnae·
1002 1449 1186 1527 appellamur

211 1529 379 1598 negotiorum
405 1529 556 1596 pratorumr
585 1523 635 1580 sed
663 1523 776 1580 domiuo
803 1525 921 1602 quidem,
938 1526 980 1582 rei
1004 1535 1105 1600 gestae
1131 1523 1187 1580 ad·

214 1617 308 1656 versus
329 1615 411 1666 eum,
430 1598 477 1672 qui
497 1598 598 1671 gessit,
619 1598 725 1654 directa
742 1601 875 1674 competit
891 1601 981 1673 actio;
1002 1599 1185 1673 negotiorum

213 1682 309 1726 autem
333 1671 439 1744 ·gestori
466 1673 615 1728 contraria.
655 1691 725 1747 quos
747 1690 782 1729 ex
804 1675 879 1730 nullo
898 1683 1042 1730 contractu
1064 1673 1187 1748 proprie

213 1745 308 1816 nasci,
328 1744 504 1800 manifestum
524 1759 583 1803 est:
604 1747 649 1821 qni
661 1765 709 1820 spe
728 1746 767 1802 ita
785 1759 935 1804 noscuntur
954 1747 1025 1804 istae
1045 1746 1185 1816 artiones,

214 1821 237 1874 si
258 1819 319 1875 sine
342 1819 475 1876 mandato
499 1820 617 1896 quisque
638 1820 734 1876 aienis
755 1823 874 1896 negotiis
894 1821 1024 1898 gerendis
1045 1839 1077 1877 se
1095 1821 1186 1878 obtu-

213 1893 292 1967 lemt3
312 1911 348 1949 ex
366 1911 422 1969 qua
436 1911 520 1949 causa
535 1893 580 1966 iri,
599 1913 716 1968 quorum
731 1897 844 1968 negotia
861 1907 940 1971 gesta
954 1895 1075 1965 fuerint,
1097 1894 1188 1950 etiam

213 1968 376 2042 ignorantes
397 1967 564 2042 obligantur.
602 1969 687 2042 idque
707 1969 831 2025 utilitatis
848 1988 936 2026 eausa
956 1987 1020 2026 rene
1043 1980 1103 2024 tum
1127 1979 1185 2038 est,

181 2064 187 2102 :
210 2061 250 2098 ne
271 2042 444 2111 alisentium,
471 2041 519 2116 qui
537 2041 629 2096 subita
650 2041 829 2100 festinatione
848 2043 954 2112 coacti,
974 1987 1041 2098 ualli
1061 2042 1189 2100 deman-

213 2115 281 2172 data
301 2116 478 2190 negotiorum
499 2133 610 2170 suorum
636 2116 893 2189 administratione,
921 2133 1041 2192 peregre
1060 2116 1187 2191 profecti

213 2201 324 2262 essent,
350 2190 547 2246 desererentur
569 2189 699 2263 negotia:
733 2208 806 2265 quae
831 2209 899 2246 sane
924 2208 1007 2246 nemo
1033 2199 1189 2246 curaturus

214 2275 307 2336 esset,
327 2264 349 2318 si
370 2263 407 2320 de
427 2281 479 2334 eo,
503 2263 578 2338 quod
600 2263 662 2338 quis
682 2263 882 2338 impendisset,
910 2264 1012 2320 nullam
1032 2262 1187 2320 habiturus

214 2347 289 2392 esset
308 2338 456 2393 actionem.
493 2339 563 2392 siout
583 2348 676 2392 autem
697 2337 737 2405 is,
761 2339 809 2413 qui
830 2337 1073 2412 utilitergesserit
1090 2355 1188 2412 nego-

215 2409 270 2477 tia,
289 2409 375 2464 habet
395 2411 547 2482 obligatum
567 2411 958 2486 domiuum-negor÷tornm·):
980 2412 1019 2468 ita
1036 2421 1065 2466 et
1082 2423 1188 2468 eontra

215 2483 267 2538 iste
295 2485 407 2556 quoque
435 2493 560 2553 tenetur,
587 2494 616 2539 ut
641 2485 886 2541 administrationis
911 2486 1049 2542 rationem
1069 2485 1186 2544 reddat.

215 2573 272 2632 quo
294 2574 359 2610 casu
381 2555 417 2610 ad
438 2557 641 2612 exactissimam
670 2559 787 2634 quisque
812 2559 1191 2646 diligentiam-compellitur

182 2653 188 2674 ι
213 2629 336 2687 reddere
356 2629 508 2686 rationem:
528 2648 581 2686 neo
596 2630 709 2704 sufficit,
726 2632 810 2690 talem
825 2633 995 2708 diligentiam
1011 2633 1189 2703 adlrrbuisse,

212 2703 326 2793 qualern
347 2703 403 2760 suis
423 2705 507 2760 rebus
528 2704 663 2760 adhibere
682 2706 801 2778 soleret,
825 2707 952 2764 simodo
972 2707 1042 2764 alius
1060 2706 1189 2781 diligen-

179 2787 202 2832 2
215 2791 271 2836 troo
292 2777 466 2836 commodius
488 2777 736 2834 administraturus.
750 2789 824 2836 esset
846 2778 1020 2856 negotiai).
1056 2781 1191 2838 Tutores

215 2871 343 2929 quoque,
370 2852 418 2940 qni
441 2853 545 2909 tutelae
565 2854 669 2909 iudicio
689 2863 835 2926 tenentur,
857 2873 912 2910 non
930 2854 1044 2930 proprie
1059 2873 1096 2912 ex
1112 2873 1190 2912 oon-

214 2937 306 2983 traoto
335 2927 450 3001 obligati
475 2927 675 3001 intelleguntur
705 2928 826 2998 (nullum
844 2930 919 2986 enim
940 2929 1084 3002 negotium
1110 2929 1191 2984 inter

215 3008 337 3066 tutorem
360 3011 390 3056 et
412 3000 547 3074 pupillum
570 3001 776 3072 contrahitur):
811 3001 860 3058 sed
884 3003 951 3077 qnia
972 3020 1040 3058 sane
1062 3020 1120 3058 non
1151 3023 1189 3058 ex

214 3071 358 3128 maleficio
376 3083 521 3144 tenentur,
545 3076 623 3148 quasi
641 3093 676 3130 es
693 3085 835 3132 contractu
853 3078 942 3133 teneri
961 3075 1097 3133 videntur.
1116 3077 1190 3150 etl)

213 3145 270 3202 hoo
293 3153 387 3200 autern
411 3159 614 3204 casumutuae
635 3157 705 3205 sunr
727 3150 870 3207 artiones:
896 3167 953 3210 uon
976 3159 1085 3210 tartum
1108 3152 1190 3206 enim

271 3321 289 3372 Ι)
303 3319 408 3376 drumm
423 3321 586 3374 quareretur.
703 3367 705 3374 χ

271 3379 296 3428 a>
310 3377 348 3419 Do
362 3387 383 3420 o.
399 3387 459 3432 quoa
473 3389 494 3431 q.
509 3387 542 3421 em
556 3391 576 3422 o.
590 3379 725 3423 naseuntur.
742 3405 769 3413 -
800 3382 823 3432 tr)
839 3381 1051 3436 erraveramus
1063 3392 1095 3425 ex
1110 3391 1140 3424 m.
1153 3408 1184 3421 ..

212 3436 237 3486 e)
251 3443 273 3478 a.
287 3435 412 3489 neumam.
428 3455 455 3466 -
485 3434 510 3486 d)
526 3433 572 3477 def.
588 3436 617 3478 et.
969 3463 972 3471 -

224 3613 225 3616 Ἴ
249 3558 290 3610 tt)
308 3559 380 3603 Μ.
402 3559 457 3604 lt:
481 3557 543 3613 §aa
570 3557 624 3602 hd.
647 3567 682 3610 pr.
716 3560 733 3602 1.
748 3561 770 3603 a.
786 3569 853 3612 prm*
867 3559 892 3612 §.-
905 3561 972 3604 θαι·
1002 3561 1187 3612 videorn-

215 3613 272 3666 Μ.
286 3614 307 3658 7.
321 3615 338 3658 l.
348 3614 506 3667 [apresens.
520 3615 603 3658 remis
618 3615 681 3672 xm
717 3620 765 3668 gat.
780 3619 823 3669 111,
840 3617 931 3667 tatto).
947 3617 971 3670 β.
985 3615 1046 3662 at-
1073 3619 1098 3667 θ)
1112 3617 1188 3662 Paul.

211 3670 268 3712 al.
285 3671 323 3712 22.
339 3669 366 3714 C.
381 3672 404 3714 n.
421 3673 436 3714 t.
453 3674 476 3714 t.
716 3675 777 3717 serit.
799 3674 828 3716 de
850 3675 927 3726 ”egilii
951 3673 1067 3726 remisi,
1090 3675 1112 3718 4.
1149 3674 1185 3717 D.

245 3726 267 3769 tt
282 3725 311 3768 D.
328 3725 357 3767 de
372 3725 443 3778 ootrg.
459 3729 485 3770 et
499 3730 544 3772 aot.
561 3728 644 3785 xmv,
660 3727 681 3771 7.
717 3729 768 3773 eod.
784 3731 826 3785 111,
838 3730 864 3772 n.
895 3731 921 3774 c.
937 3731 988 3781 eod.
1003 3731 1041 3786 lt,
1060 3729 1097 3774 19.
